=LDR  02600nam a22004337a 4500
=001  2408
=005  20240327134716.0
=008  080117s2006\\\\vm\\\\\\\\\\\\\\\\\\vie\\
=020  \\$c25.500 VND
=040  \\$aLIB.UNETI$bvie$cLIB.UNETI$eAACR2
=041  0\$avie
=044  \\$avm
=082  \\$a671.3$bG3489T
=245  00$aGiáo trình kỹ thuật nguội cơ bản /$cTrần Văn Hiệu ... [và những người khác]
=260  \\$aHà Nội :$bLao động Xã hội,$c2006
=300  \\$a151 tr. ;$c27cm
=490  0\$aTủ sách dạy nghề
=500  \\$aĐTTS ghi: Trường Đại học Công nghiệp Hà Nội
=653  \\$aGiáo trình
=653  \\$aKỹ thuật
=653  \\$aNguội
=690  \\$a6
=691  \\$a22
=700  1\$aTrần, Văn Hiệu
=700  1\$aGiáp, Văn Nang
=700  1\$aNguyễn, Văn Thành
=700  1\$aNguyễn, Trường Giang
=942  \\$cGT
=952  \\$00$10$2ddc$40$6671_300000000000000_G3489T$70$91$aLibN$bLibN$cN01$d2024-03-12$g25500.00$l0$o671.3 G3489T$p000007227$r2024-03-12 21:01:13$t1$w2024-03-12$yGT
=952  \\$00$10$2ddc$40$6671_300000000000000_G3489T$70$92$aLibN$bLibN$cN01$d2024-03-12$g25500.00$l0$o671.3 G3489T$p000007228$r2024-03-12 21:01:13$t2$w2024-03-12$yGT
=952  \\$00$10$2ddc$40$6671_300000000000000_G3489T$70$93$aLibN$bLibN$cN01$d2024-03-12$g25500.00$l0$o671.3 G3489T$p000008080$r2024-03-12 21:01:13$t3$w2024-03-12$yGT
=952  \\$00$10$2ddc$40$6671_300000000000000_G3489T$70$94$aLibN$bLibN$cN01$d2024-03-12$g25500.00$l0$o671.3 G3489T$p000008081$r2024-03-12 21:01:13$t4$w2024-03-12$yGT
=952  \\$00$10$2ddc$40$6671_300000000000000_G3489T$70$95$aLibN$bLibN$cN01$d2024-03-12$g25500.00$l0$o671.3 G3489T$p000008082$r2024-03-12 21:01:13$t5$w2024-03-12$yGT
=952  \\$00$10$2ddc$40$6671_300000000000000_G3489T$70$96$aLibL$bLibL$cL01$d2024-03-12$g25500.00$l0$o671.3 G3489T$p000014517$r2024-03-12 21:01:13$t6$w2024-03-12$yGT
=952  \\$00$10$2ddc$40$6671_300000000000000_G3489T$70$97$aLibL$bLibL$cL01$d2024-03-12$g25500.00$l0$o671.3 G3489T$p000014518$r2024-03-12 21:01:13$t7$w2024-03-12$yGT
=952  \\$00$10$2ddc$40$6671_300000000000000_G3489T$70$98$aLibL$bLibL$cL01$d2024-03-12$g25500.00$l0$o671.3 G3489T$p000014519$r2024-03-12 21:01:13$t8$w2024-03-12$yGT
=952  \\$00$10$2ddc$40$6671_300000000000000_G3489T$70$99$aLibL$bLibL$cL01$d2024-03-12$g25500.00$l0$o671.3 G3489T$p000017812$r2024-03-12 21:01:13$t9$w2024-03-12$yGT
=952  \\$00$10$2ddc$40$6671_300000000000000_G3489T$70$910$aLibL$bLibL$cL01$d2024-03-12$g25500.00$l0$o671.3 G3489T$p000017813$r2024-03-12 21:01:13$t10$w2024-03-12$yGT
=999  \\$c1$d1

