=LDR  01016nam a22003017a 4500
=001  2666
=005  20240327134716.0
=008  070109s2001\\\\vm\\\\\\\\\\\\\\\\\\vie\\
=020  \\$c52.000 VND
=040  \\$aLIB.UNETI$bvie$cLIB.UNETI$eAACR2
=041  0\$avie
=044  \\$avm
=082  \\$a670.427$bT685Đ
=100  1\$aTrần, Văn Địch
=245  10$aTự động hóa quá trình sản xuất :$bGiáo trình dành cho sinh viên cơ khí /$cTrần Văn Địch, ... [và những người khác]
=260  \\$aHà Nội :$bKhoa học và kỹ thuật,$c2001
=300  \\$a393 tr. ;$c27 cm
=653  \\$aQuá trình
=653  \\$aSản xuất
=653  \\$aTự động
=690  \\$a6
=691  \\$a22
=700  1\$aTrần, Xuân Việt
=700  1\$aNguyễn, Trọng Doanh
=700  1\$aLưu, Văn Nhang
=942  \\$cSTK
=952  \\$00$10$2ddc$40$6670_427000000000000_T685Đ$70$911$aLibL$bLibL$cL01$d2024-03-12$g52000.00$l0$o670.427 T685Đ$p000018308$r2024-03-12 21:01:13$t1$w2024-03-12$ySTK
=999  \\$c2$d2

