=LDR  01020nam a22003137a 4500
=001  2974
=005  20240327134716.0
=008  081120s2007\\\\vm\\\\\\\\\\\\\\\\\\vie\\
=020  \\$c36.000 VND
=040  \\$aLIB.UNETI$bvie$cLIB.UNETI$eAACR2
=041  0\$avie
=044  \\$avm
=082  \\$a621.8$bT685Đ
=100  1\$aTrần, Văn Địch
=245  10$aThiết kế đồ án công nghệ chế tạo máy /$cTrần Văn Địch
=250  \\$aIn lần thứ bảy có sửa chữa bổ sung
=260  \\$aHà Nội :$bKhoa học và kỹ thuật,$c2007
=300  \\$a207 tr. ;$c24 cm
=521  \\$aGiáo trình cho sinh viên cơ khí
=653  \\$aChế tạo
=653  \\$aChế tạo máy
=653  \\$aCông nghệ
=653  \\$aĐồ án
=653  \\$aThiết kế
=690  \\$a6
=691  \\$a22
=942  \\$cSTK
=952  \\$00$10$2ddc$40$6621_800000000000000_T685Đ$70$912$aLibL$bLibL$cL01$d2024-03-12$g36000.00$l1$o621.8 T685Đ$p000017794$r2024-03-12 21:01:13$s2022-10-24$t1$w2024-03-12$ySTK
=999  \\$c3$d3

