=LDR  02722nam a22003737a 4500
=001  5382
=005  20240327134716.0
=008  101105s2007\\\\vm\\\\\\\\\\\\\\\\\\vie\\
=020  \\$c50.000 VND
=040  \\$aLIB.UNETI$bvie$cLIB.UNETI$eAACR2
=041  0\$avie
=044  \\$avm
=082  \\$a661$bN4994B
=100  1\$aNguyễn, Bin
=245  10$aCác quá trình, thiết bị trong công nghệ hóa chất và thực phẩm.$nTập 2.$pPhần riêng hệ không đồng nhất, khuấy trộn, đập, nghiền, sàng /$cNguyễn Bin
=260  \\$aHà Nội :$bKhoa học và kỹ thuật,$c2007
=300  \\$a320 tr. ;$c27 cm
=520  \\$aGiới thiệu các quá trình thiết bị trong công nghệ hoá chất và thực phẩm: phần riêng hệ không đồng nhất, khuấy, trộn, đập, nghiền, sàng cùng một số ví dụ và bài tập
=653  \\$aCác quá trình, thiết bị
=653  \\$aCông nghệ hóa chất và thực phẩm
=690  \\$a11
=691  \\$a30
=942  \\$cSTK
=952  \\$00$10$2ddc$40$6661_000000000000000_N4994B$70$913$aLibL$bLibL$cL01$d2024-03-12$g50000.00$l0$o661 N4994B$p000012744$r2024-03-12 21:01:13$t1$w2024-03-12$ySTK
=952  \\$00$10$2ddc$40$6661_000000000000000_N4994B$70$914$aLibL$bLibL$cL01$d2024-03-12$g50000.00$l0$o661 N4994B$p000012887$r2024-03-12 21:01:13$t2$w2024-03-12$ySTK
=952  \\$00$10$2ddc$40$6661_000000000000000_N4994B$70$915$aLibL$bLibL$cL01$d2024-03-12$g50000.00$l0$o661 N4994B$p000012567$r2024-03-12 21:01:13$t3$w2024-03-12$ySTK
=952  \\$00$10$2ddc$40$6661_000000000000000_N4994B$70$916$aLibL$bLibL$cL01$d2024-03-12$g50000.00$l0$o661 N4994B$p000012566$r2024-03-12 21:01:13$t4$w2024-03-12$ySTK
=952  \\$00$10$2ddc$40$6661_000000000000000_N4994B$70$917$aLibL$bLibL$cL01$d2024-03-12$g50000.00$l0$o661 N4994B$p000012597$r2024-03-12 21:01:13$t5$w2024-03-12$ySTK
=952  \\$00$10$2ddc$40$6661_000000000000000_N4994B$70$918$aLibN$bLibN$cN01$d2024-03-12$g50000.00$l0$o661 N4994B$p000021750$r2024-03-12 21:01:13$t6$w2024-03-12$ySTK
=952  \\$00$10$2ddc$40$6661_000000000000000_N4994B$70$919$aLibN$bLibN$cN01$d2024-03-12$g50000.00$l0$o661 N4994B$p000021751$r2024-03-12 21:01:13$t7$w2024-03-12$ySTK
=952  \\$00$10$2ddc$40$6661_000000000000000_N4994B$70$920$aLibN$bLibN$cN01$d2024-03-12$g50000.00$l0$o661 N4994B$p000021752$r2024-03-12 21:01:13$t8$w2024-03-12$ySTK
=952  \\$00$10$2ddc$40$6661_000000000000000_N4994B$70$921$aLibN$bLibN$cN01$d2024-03-12$g50000.00$l0$o661 N4994B$p000021753$r2024-03-12 21:01:13$t9$w2024-03-12$ySTK
=952  \\$00$10$2ddc$40$6661_000000000000000_N4994B$70$922$aLibN$bLibN$cN01$d2024-03-12$g50000.00$l0$o661 N4994B$p000021754$r2024-03-12 21:01:13$t10$w2024-03-12$ySTK
=999  \\$c4$d4

