=LDR  02421nam a22003617a 4500
=001  9591
=005  20240327134717.0
=008  101129s2002\\\\vm\\\\\\\\\\\\\\\\\\vie\\
=020  \\$c32.000 VND
=040  \\$aLIB.UNETI$bvie$cLIB.UNETI$eAACR2
=041  0\$avie
=044  \\$avm
=082  \\$a661$bN4994B
=100  1\$aNguyễn, Bin
=245  10$aCác quá trình, thiết bị trong công nghệ hóa chất và thực phẩm.$nTập 1.$pCác quá trình thủy lực, bơm quạt, máy nén /$cNguyễn Bin
=260  \\$aHà Nội :$bKhoa học và kỹ thuật,$c2002
=300  \\$a262 tr. ;$c24cm
=520  \\$aKhái niệm về môn học "Các quá trình và thiết bị " (hoá công): Đối tượng và nhiệm vụ, nội dung, khái niệm chung, hệ đơn vị, thuyết đồng dạng và phương pháp phân tích thứ nguyên. Những kiến thức cơ bản về thuỷ lực học: tĩnh lực học của chất lỏng; động lực học của chất lỏng. Vận chuyển chất lỏng và nén khí. Ví dụ và bài tập
=653  \\$aCông nghệ hóa chất
=653  \\$aHóa chất
=653  \\$aQuá trình
=653  \\$aThiết bị
=690  \\$a11
=691  \\$a30
=942  \\$cSTK
=952  \\$00$10$2ddc$40$6661_000000000000000_N4994B$70$923$aLibL$bLibL$cL01$d2024-03-12$g32000.00$l0$o661 N4994B$p000012426$r2024-03-12 21:01:13$t1$w2024-03-12$ySTK
=952  \\$00$10$2ddc$40$6661_000000000000000_N4994B$70$924$aLibL$bLibL$cL01$d2024-03-12$g32000.00$l0$o661 N4994B$p000012425$r2024-03-12 21:01:14$t2$w2024-03-12$ySTK
=952  \\$00$10$2ddc$40$6661_000000000000000_N4994B$70$925$aLibL$bLibL$cL01$d2024-03-12$g32000.00$l0$o661 N4994B$p000012422$r2024-03-12 21:01:14$t3$w2024-03-12$ySTK
=952  \\$00$10$2ddc$40$6661_000000000000000_N4994B$70$926$aLibL$bLibL$cL01$d2024-03-12$g32000.00$l0$o661 N4994B$p000012527$r2024-03-12 21:01:14$t4$w2024-03-12$ySTK
=952  \\$00$10$2ddc$40$6661_000000000000000_N4994B$70$927$aLibL$bLibL$cL01$d2024-03-12$g32000.00$l0$o661 N4994B$p000012691$r2024-03-12 21:01:14$t5$w2024-03-12$ySTK
=952  \\$00$10$2ddc$40$6661_000000000000000_N4994B$70$928$aLibL$bLibL$cL01$d2024-03-12$g32000.00$l0$o661 N4994B$p000012692$r2024-03-12 21:01:14$t6$w2024-03-12$ySTK
=952  \\$00$10$2ddc$40$6661_000000000000000_N4994B$70$929$aLibN$bLibN$cN01$d2024-03-12$g32000.00$l0$o661 N4994B$p000021785$r2024-03-12 21:01:14$t7$w2024-03-12$ySTK
=999  \\$c5$d5

