=LDR  01026nam a22003377a 4500
=001  10069
=005  20240327134717.0
=008  111219s2010\\\\vm\\\\\\\\\\\\\\\\\\vie\\
=040  \\$aLIB.UNETI$bvie$cLIB.UNETI$eAACR2
=041  0\$avie
=044  \\$avm
=082  \\$a547.076$bB149T
=245  00$aBài tập hóa học hữu cơ /$cNguyễn Hữu Đĩnh ... [và những người khác]
=260  \\$aHà Nội :$bGiáo dục,$c2010
=300  \\$a380 tr. ;$c27cm
=653  \\$aBài tập
=653  \\$aCơ sở
=653  \\$aHóa
=653  \\$aHóa học
=653  \\$aHóa học hữu cơ
=653  \\$aHóa hữu cơ
=690  \\$a11
=691  \\$a8
=700  1\$aPhạm, Hữu Điển
=700  1\$aPhạm, Văn Hoan
=700  1\$aNguyễn, Hữu Đĩnh
=700  1\$aĐặng, Đình Bạch
=700  1\$aLê, Thị Anh Đào
=942  \\$cSTK
=952  \\$00$10$2ddc$40$6547_076000000000000_B149T$70$930$aLibM$bLibM$cM01$d2024-03-12$l0$o547.076 B149T$p000000087$r2024-03-12 21:01:14$t1$w2024-03-12$ySTK
=999  \\$c6$d6

