=LDR  01672nam a22003377a 4500
=001  10727
=005  20240327134717.0
=008  111214s2010\\\\vm\\\\\\\\\\\\\\\\\\vie\\
=040  \\$aLIB.UNETI$bvie$cLIB.UNETI$eAACR2
=041  0\$avie
=044  \\$avm
=082  \\$a621.3815$bN4994N
=100  1\$aNguyễn, Viết Nguyên$eChủ biên
=245  10$aKỹ thuật mạch điện tử I :$bDùng cho sinh viên các trường cao đẳng nghề và trung cấp nghề /$cNguyễn Viết Nguyên, Phạm Thị Thu Hương
=246  00$aKỹ thuật mạch điện tử một
=250  \\$aTái bản lần thứ nhất
=260  \\$aHà Nội :$bGiáo dục,$c2010
=300  \\$a179 tr. ;$c27cm
=521  \\$aDùng cho sinh viên các trường cao đẳng nghề và trung cấp nghề
=653  \\$aĐiện tử
=653  \\$aKỹ thuật
=653  \\$aMạch
=690  \\$a7
=691  \\$a24
=700  1\$aPham, Thị Thu Hương
=942  \\$cSTK
=952  \\$00$10$2ddc$40$6621_381500000000000_N4994N$70$931$aLibL$bLibL$cL01$d2024-03-12$g25000.00$l8$o621.3815 N4994N$p000000493$r2024-03-12 21:01:14$s2022-08-19$t3$w2024-03-12$ySTK
=952  \\$00$10$2ddc$40$6621_381500000000000_N4994N$70$932$aLibL$bLibL$cL01$d2024-03-12$g25000.00$l0$o621.3815 N4994N$p000000494$r2024-03-12 21:01:14$t4$w2024-03-12$ySTK
=952  \\$00$10$2ddc$40$6621_381500000000000_N4994N$70$933$aLibL$bLibL$cL01$d2024-03-12$g25000.00$l0$o621.3815 N4994N$p000017946$r2024-03-12 21:01:14$t3$w2024-03-12$ySTK
=952  \\$00$10$2ddc$40$6621_381500000000000_N4994N$70$934$aLibL$bLibL$cL01$d2024-03-12$g25000.00$l0$o621.3815 N4994N$p000017874$r2024-03-12 21:01:14$t4$w2024-03-12$ySTK
=999  \\$c7$d7

