=LDR  01765nam a22003137a 4500
=001  11326
=005  20240327134717.0
=008  190930s2011\\\\vm\\\\\\\\\\\\\\\\\\vie\\
=020  \\$c43.000 VND
=040  \\$aLIB.UNETI$bvie$cLIB.UNETI$eAACR2
=041  0\$avie
=044  \\$avm
=082  \\$a670.42$bT685D
=100  1\$aTrần, Văn Địch
=245  10$aSản xuất linh hoạt FMS và tích hợp CIM /$cTrần Văn Địch
=260  \\$aHà Nội :$bKhoa học và kỹ thuật,$c2011
=300  \\$a175 tr. ;$c24 cm
=520  \\$aĐưa ra những khái niệm cơ bản về hệ thống sản xuất linh hoạt FMS và sản xuất tích hợp có trợ giúp của máy CIM, các nguyên tắc hình thành hệ thống sản xuất linh hoạt và các vấn đề liên quan chặt chẽ khác.
=521  \\$aGiáo trình dùng cho sinh viện và học viện cao học ngành cơ khí
=653  \\$aHệ thống sản xuất linh hoạt FMS
=653  \\$aSản xuất tích hợp CIM
=690  \\$a6
=691  \\$a22
=942  \\$cSTK
=952  \\$00$10$2ddc$40$6670_420000000000000_T685D$70$935$aLibN$bLibN$cN01$d2024-03-12$g43000.00$l1$o670.42 T685D$p000007011$r2024-03-12 21:01:14$s2023-10-04$t1$w2024-03-12$ySTK
=952  \\$00$10$2ddc$40$6670_420000000000000_T685D$70$936$aLibN$bLibN$cN01$d2024-03-12$g43000.00$l0$m1$o670.42 T685D$p000007012$q2024-04-19$r2024-03-12 21:01:14$t2$w2024-03-12$ySTK
=952  \\$00$10$2ddc$40$6670_420000000000000_T685D$70$937$aLibL$bLibL$cL01$d2024-03-12$g43000.00$l0$o670.42 T685D$p000018627$r2024-03-12 21:01:14$t3$w2024-03-12$ySTK
=952  \\$00$10$2ddc$40$6670_420000000000000_T685D$70$938$aLibL$bLibL$cL01$d2024-03-12$g43000.00$l0$o670.42 T685D$p000018625$r2024-03-12 21:01:14$t4$w2024-03-12$ySTK
=999  \\$c8$d8

