=LDR  02434nam a22003737a 4500
=001  11411
=005  20240327134717.0
=008  191001s2012\\\\vm\\\\\\\\\\\\\\\\\\vie\\
=040  \\$aLIB.UNETI$bvie$cLIB.UNETI$eAACR2
=041  0\$avie
=044  \\$avm
=082  \\$a629.892$bP491P
=100  1\$aPhạm, Đăng Phước
=245  10$aRobot Công nghiệp /$cPhạm Đăng Phước
=250  \\$aTái bản
=260  \\$aHà Nội :$bXây dựng,$c2012
=300  \\$a214 tr. ;$c27 cm
=520  3\$aGiới thiệu chung về robot công nghiệp, các phép biến đổi thuần nhất, phương trình động học của robot, giải pháp, lập trình, động lực, cơ cấu, điều khiển robot.
=653  \\$aCông nghiệp
=653  \\$aRobot
=690  \\$a7
=691  \\$a25
=942  \\$cSTK
=952  \\$00$10$2ddc$40$6629_892000000000000_P491P$70$939$aLibL$bLibL$cL01$d2024-03-12$l0$o629.892 P491P$p000034920$r2024-03-12 21:01:14$t2$w2024-03-12$ySTK
=952  \\$00$10$2ddc$40$6629_892000000000000_P491P$70$940$aLibL$bLibL$cL01$d2024-03-12$l0$o629.892 P491P$p000034921$r2024-03-12 21:01:14$t3$w2024-03-12$ySTK
=952  \\$00$10$2ddc$40$6629_892000000000000_P491P$70$941$aLibL$bLibL$cL01$d2024-03-12$l0$o629.892 P491P$p000034922$r2024-03-12 21:01:14$t4$w2024-03-12$ySTK
=952  \\$00$10$2ddc$40$6629_892000000000000_P491P$70$942$aLibL$bLibL$cL01$d2024-03-12$l0$o629.892 P491P$p000034923$r2024-03-12 21:01:14$t5$w2024-03-12$ySTK
=952  \\$00$10$2ddc$40$6629_892000000000000_P491P$70$943$aLibL$bLibL$cL01$d2024-03-12$l0$o629.892 P491P$p000034924$r2024-03-12 21:01:14$t6$w2024-03-12$ySTK
=952  \\$00$10$2ddc$40$6629_892000000000000_P491P$70$944$aLibL$bLibL$cL01$d2024-03-12$l0$o629.892 P491P$p000034925$r2024-03-12 21:01:14$t7$w2024-03-12$ySTK
=952  \\$00$10$2ddc$40$6629_892000000000000_P491P$70$945$aLibL$bLibL$cL01$d2024-03-12$l0$o629.892 P491P$p000034926$r2024-03-12 21:01:14$t8$w2024-03-12$ySTK
=952  \\$00$10$2ddc$40$6629_892000000000000_P491P$70$946$aLibN$bLibN$cN01$d2024-03-12$l0$o629.892 P491P$p000035126$r2024-03-12 21:01:14$t9$w2024-03-12$ySTK
=952  \\$00$10$2ddc$40$6629_892000000000000_P491P$70$947$aLibN$bLibN$cN01$d2024-03-12$l0$o629.892 P491P$p000035127$r2024-03-12 21:01:14$t10$w2024-03-12$ySTK
=952  \\$00$10$2ddc$40$6629_892000000000000_P491P$70$948$aLibN$bLibN$cN01$d2024-03-12$l0$o629.892 P491P$p000035128$r2024-03-12 21:01:14$t11$w2024-03-12$ySTK
=999  \\$c9$d9

