=LDR  01171nam a22003137a 4500
=001  11534
=005  20240327134717.0
=008  191121s\\\\\\\\vm\\\\\\\\\\\\\\\\\\vie\\
=040  \\$aLIB.UNETI$bvie$cLIB.UNETI$eAACR2
=041  0\$avie
=044  \\$avm
=082  \\$a657$bN4994N
=100  1\$aNguyễn, Thị Tuyết Nhung
=245  10$aKế toán tập hợp chi phí sản xuất và tính giá thành sản phẩm tại công ty cổ phần Quốc Tế Sơn Hà /$cNguyễn Thị Tuyết Nhung; Nguyễn Ngọc Lan
=260  \\$aHà Nội
=260  \\$b[k.n.x.b.]
=260  \\$c2019
=300  \\$a79 tr. ;$c27 cm
=653  \\$aChi phí sản xuất
=653  \\$aKế toán
=653  \\$aSơn hà
=653  \\$aTính giá thành
=690  \\$a2
=691  \\$a31
=700  1\$aNguyễn, Ngọc Lan$eHướng dẫn
=942  \\$cKLDA
=952  \\$00$10$2ddc$40$6657_000000000000000_N4994N$70$949$aLibM$bLibM$cM01$d2024-03-12$l0$o657 N4994N$p000003998$r2024-03-12 21:01:14$t1$w2024-03-12$yKLDA
=952  \\$00$10$2ddc$40$6657_000000000000000_N4994N$70$950$aLibM$bLibM$cM01$d2024-03-12$l0$o657 N4994N$p000003978$r2024-03-12 21:01:14$t2$w2024-03-12$yKLDA
=999  \\$c10$d10

