=LDR  00934nam a22002537a 4500
=001  11536
=005  20240327134717.0
=008  191121s2019\\\\\\\\\\\\\\\\\\\\\\\\vie\\
=040  \\$aLIB.UNETI$bvie$cLIB.UNETI$eAACR2
=041  0\$avie
=082  \\$a657$bN4994N
=100  1\$aNguyễn, Thị Nội
=245  10$aKế toán hàng hóa nguyên vật liệu và công cụ dụng cụ tại Công Ty TNHH Thương mại và Sản xuất Linh An /$cNguyễn Thị Nội; Vũ Thị Vân Anh
=260  \\$a[k.đ.] :$b[k.n.x.b.],$c2019
=300  \\$a63 tr. ;$c30 cm
=653  \\$aCông cụ dụng cụ
=653  \\$aKế toán
=653  \\$aNguyên vật liệu
=690  \\$a2
=691  \\$a31
=700  1\$aVũ, Thị Vân Anh$eNgười hướng dẫn
=942  \\$cKLDA
=952  \\$00$10$2ddc$40$6657_000000000000000_N4994N$70$951$aLibM$bLibM$cM01$d2024-03-12$l0$o657 N4994N$p000003946$r2024-03-12 21:01:14$t1$w2024-03-12$yKLDA
=999  \\$c11$d11

