=LDR  00938nam a22002537a 4500
=001  11539
=005  20240327134717.0
=008  191121s2019\\\\\\\\\\\\\\\\\\\\\\\\vie\\
=040  \\$aLIB.UNETI$bvie$cLIB.UNETI$eAACR2
=041  0\$avie
=082  \\$a657$bN4994P
=100  1\$aNguyễn, Huyền Phương
=245  10$aKế toán tập hợp chi phí sản xuất và tính giá thành sản phẩm tại Tổng Công Ty May Đáp Cầu /$cNguyễn Huyền Phương; Nguyễn Thị Tô Phượng
=260  \\$a[k.đ.] :$b[k.n.x.b.],$c2019
=300  \\$a80 tr. ;$c30cm
=653  \\$aChi phí sản xuất
=653  \\$aKế toán
=653  \\$aTính giá thành
=690  \\$a2
=691  \\$a31
=700  1\$aNguyễn, Thị Tô Phượng$eHướng dẫn
=942  \\$cKLDA
=952  \\$00$10$2ddc$40$6657_000000000000000_N4994P$70$952$aLibM$bLibM$cM01$d2024-03-12$l0$o657 N4994P$p000003996$r2024-03-12 21:01:14$t1$w2024-03-12$yKLDA
=999  \\$c12$d12

