=LDR  00893nam a22002537a 4500
=001  11540
=005  20240327134717.0
=008  191121s2019\\\\\\\\\\\\\\\\\\\\\\\\vie\\
=040  \\$aLIB.UNETI$bvie$cLIB.UNETI$eAACR2
=041  0\$avie
=082  \\$a657$bN4994L
=100  1\$aNguyễn, Thị Luyến
=245  10$aKế toán công nợ phải thu và công nợ phải trả của Công Ty Cổ Phần Ô Tô Long Biên /$cNguyễn Thị Luyến; Nguyễn Quang Hưng
=260  \\$a[k.đ.] :$b[k.n.x.b.],$c2019
=300  \\$a83 tr. ;$c30cm
=653  \\$aCông nợ
=653  \\$aKế toán
=653  \\$aÔ tô Long Biên
=690  \\$a2
=691  \\$a31
=700  1\$aNguyễn, Quang Hưng$eHướng dẫn
=942  \\$cKLDA
=952  \\$00$10$2ddc$40$6657_000000000000000_N4994L$70$953$aLibM$bLibM$cM01$d2024-03-12$l0$o657 N4994L$p000003997$r2024-03-12 21:01:14$t1$w2024-03-12$yKLDA
=999  \\$c13$d13

