=LDR  00883nam a22002657a 4500
=001  11541
=005  20240327134717.0
=008  191121s2019\\\\vm\\\\\\\\\\\\\\\\\\vie\\
=040  \\$aLIB.UNETI$bvie$cLIB.UNETI$eAACR2
=041  0\$avie
=044  \\$avm
=082  \\$a537$bL46V
=100  1\$aLê, Vi
=245  10$aThiết kế và lập trình điều khiển mô hình trạm lắp đặt sản phẩm /$cLê Vi; Vũ Duy Hưng
=260  \\$aHà Nội :$b[k.n.x.b.],$c2019
=300  \\$a65 tr. ;$c30 cm
=653  \\$aLập trình điều khiển
=653  \\$aThiết kế
=653  \\$aTrạm lắp sản phẩm
=690  \\$a7
=691  \\$a24
=700  1\$aVũ, Duy Hưng$eNgười hướng dẫn
=942  \\$cKLDA
=952  \\$00$10$2ddc$40$6537_000000000000000_L46V$70$954$aLibL$bLibL$cL01$d2024-03-12$l0$o537 L46V$p000020650$r2024-03-12 21:01:14$t1$w2024-03-12$yKLDA
=999  \\$c14$d14

