=LDR  00871nam a22002417a 4500
=001  11542
=005  20240327134717.0
=008  191121s2019\\\\\\\\\\\\\\\\\\\\\\\\vie\\
=040  \\$aLIB.UNETI$bvie$cLIB.UNETI$eAACR2
=041  0\$avie
=082  \\$a537$bN4994Q
=100  1\$aNguyễn, Văn Quân
=245  10$aNghiên cứu thiết kế hệ thống điều khiển phân loại sản phẩn theo màu sắc sữ dụng PLC S7 - 1200 /$cNguyễn văn Quân; Nguyễn Đức Dương
=260  \\$a[k.đ.] :$b[k.n.x.b.],$c2019
=300  \\$a58 tr. ;$c30 cm
=653  \\$aĐiều khiển
=653  \\$aPLC S7 - 1200
=653  \\$aThiết kế hệ thống
=690  \\$a7
=691  \\$a24
=942  \\$cKLDA
=952  \\$00$10$2ddc$40$6537_000000000000000_N4994Q$70$955$aLibL$bLibL$cL01$d2024-03-12$l0$o537 N4994Q$p000020651$r2024-03-12 21:01:14$t1$w2024-03-12$yKLDA
=999  \\$c15$d15

