=LDR  00848nam a22002537a 4500
=001  11543
=005  20240327134717.0
=008  191121s2019\\\\\\\\\\\\\\\\\\\\\\\\vie\\
=040  \\$aLIB.UNETI$bvie$cLIB.UNETI$eAACR2
=041  0\$avie
=082  \\$a537$bL46A
=100  1\$aLê, Quang Anh
=245  10$aXây dựng và lập trình điều khiển trạm lắp đặt sản phẩm /$cLê Quang Anh
=260  \\$a[k.đ.] :$b[k.n.x.b.],$c2019
=300  \\$a68 tr. ;$c30 cm
=653  \\$aLắp đặt sản phẩm
=653  \\$aLập trình điều khển
=653  \\$aXây dựng
=690  \\$a7
=691  \\$a24
=700  1\$aVũ, Duy Hưng$eNgười hướng dẫn
=942  \\$cKLDA
=952  \\$00$10$2ddc$40$6537_000000000000000_L46A$70$956$aLibL$bLibL$cL01$d2024-03-12$l0$o537 L46A$p000020639$r2024-03-12 21:01:14$t1$w2024-03-12$yKLDA
=999  \\$c16$d16

