=LDR  01078nam a22002657a 4500
=001  11544
=005  20240327134717.0
=008  191121s\\\\\\\\\\\\\\\\\\\\\\\\\\\\vie\\
=040  \\$aLIB.UNETI$bvie$cLIB.UNETI$eAACR2
=041  0\$avie
=082  \\$a657$bN4994Q
=100  1\$aNguyễn, Ngọc Quyên
=245  10$aHoàn thiện lập và phân tích báo cáo tài chính tại công ty cổ phần ICHECK /$cNguyễn Ngọc Quyên; Nguyễn Hồng Anh
=260  \\$a[k.đ.] :$b[k.n.x.b.]
=260  \\$c2019
=300  \\$a80 tr. ;$c27 cm
=653  \\$aHoàn thiện
=653  \\$aPhân tích báo cáo tài chính
=690  \\$a2
=691  \\$a31
=700  1\$aNguyễn, Hồng Anh$eNgười hướng dẫn
=942  \\$cKLDA
=952  \\$00$10$2ddc$40$6657_000000000000000_N4994Q$70$957$aLibM$bLibM$cM01$d2024-03-12$l2$o657 N4994Q$p000003995$r2024-03-12 21:01:15$s2021-04-19$t1$w2024-03-12$yKLDA
=952  \\$00$10$2ddc$40$6657_000000000000000_N4994Q$70$958$aLibM$bLibM$cM01$d2024-03-12$l1$o657 N4994Q$p000003975$r2024-03-12 21:01:15$s2021-04-08$t2$w2024-03-12$yKLDA
=999  \\$c17$d17

