=LDR  00922nam a22002537a 4500
=001  11546
=005  20240327134717.0
=008  191121s2019\\\\\\\\\\\\\\\\\\\\\\\\vie\\
=040  \\$aLIB.UNETI$bvie$cLIB.UNETI$eAACR2
=041  0\$avie
=082  \\$a657$bD924T
=100  1\$aDương, Thị Thu Trang
=245  10$aKế toán thuế TNDN và lập hồ sơ quyết toán thuế TNDN tại Công Ty TNHH Vận Tải Đầu Tư Đông Bắc /$cDương Thị Thu Trang; Hoàng Thị Hường
=260  \\$a[k.đ.] :$b[k.n.x.b.],$c2019
=300  \\$a79 tr. ;$c30cm
=653  \\$aLập hồ sơ
=653  \\$aQuyết toán
=653  \\$aThuế TNDN
=690  \\$a2
=691  \\$a31
=700  1\$aHoàng, Thị Hường$eNgười hướng dẫn
=942  \\$cKLDA
=952  \\$00$10$2ddc$40$6657_000000000000000_D924T$70$959$aLibM$bLibM$cM01$d2024-03-12$l0$o657 D924T$p000003949$r2024-03-12 21:01:15$t1$w2024-03-12$yKLDA
=999  \\$c18$d18

