=LDR  00915nam a22002657a 4500
=001  11547
=005  20240327134717.0
=008  191121s\\\\\\\\\\\\\\\\\\\\\\\\\\\\vie\\
=040  \\$aLIB.UNETI$bvie$cLIB.UNETI$eAACR2
=041  0\$avie
=082  \\$a657$bN4994C
=100  1\$aNguyễn, Thị Cúc
=245  10$aKế toán công nợ phải thu và công nợ phải trả tại Chi Nhánh Công Ty Cổ Phần thực Phẩm Quốc Tế /$cNguyễn Thị Cúc; Nguyễn Quang Hưng
=260  \\$a[k.đ.] :$b[k.n.x.b.]
=260  \\$c2019
=300  \\$a93 tr. ;$c30cm
=653  \\$aCông nợ
=653  \\$aPhải thu
=653  \\$aPhải trả
=690  \\$a2
=691  \\$a31
=700  1\$aNguyễn, Quang Hưng$eHướng dẫn
=942  \\$cKLDA
=952  \\$00$10$2ddc$40$6657_000000000000000_N4994C$70$960$aLibM$bLibM$cM01$d2024-03-12$l0$o657 N4994C$p000003993$r2024-03-12 21:01:15$t1$w2024-03-12$yKLDA
=999  \\$c19$d19

