=LDR  00833nam a22002537a 4500
=001  11552
=005  20240327134717.0
=008  191121s2019\\\\\\\\\\\\\\\\\\\\\\\\vie\\
=040  \\$aLIB.UNETI$bvie$cLIB.UNETI$eAACR2
=041  0\$avie
=082  \\$a537$bT5501C
=100  1\$aTô, Thành Công
=245  10$aKết nối PLC với các biến tần dùng giao thức USS /$cTô Thành Công
=260  \\$a[k.đ.] :$b[k.n.x.b.],$c2019
=300  \\$a56 tr. ;$c30 cm
=653  \\$aBiến tần
=653  \\$aGiao thức USS
=653  \\$aKết nối PLC
=690  \\$a7
=691  \\$a24
=700  1\$aNguyễn, Đức Điền$eNgười hướng dẫn
=942  \\$cKLDA
=952  \\$00$10$2ddc$40$6537_000000000000000_T5501C$70$961$aLibL$bLibL$cL01$d2024-03-12$l0$o537 T5501C$p000020638$r2024-03-12 21:01:15$t1$w2024-03-12$yKLDA
=999  \\$c20$d20

