=LDR  01012nam a22002657a 4500
=001  11561
=005  20240327134717.0
=008  191121s2019\\\\\\\\\\\\\\\\\\\\\\\\vie\\
=040  \\$aLIB.UNETI$bvie$cLIB.UNETI$eAACR2
=041  0\$avie
=082  \\$a537$bN4994H
=100  1\$aNguyễn, Thị Thu Hiền
=245  10$aNghiên cứu thiết kế hệ truyền động điều khiển động cơ không đồng bộ ba pha trong hệ thống băng tải /$cNguyễn Thị Thu Hiền; Võ Thu Hà
=260  \\$a[k.đ.] :$b[k.n.x.b.],$c2019
=300  \\$a61 tr. ;$c30 cm
=653  \\$aĐộng cơ không đồng bộ
=653  \\$aHệ thống băng tải
=653  \\$aNghiên cứu thiết kế
=653  \\$aTruyền động điều khển
=690  \\$a7
=691  \\$a24
=700  1\$aVõ, Thu Hà$eNgười hướng dẫn
=942  \\$cKLDA
=952  \\$00$10$2ddc$40$6537_000000000000000_N4994H$70$962$aLibL$bLibL$cL01$d2024-03-12$l0$o537 N4994H$p000020664$r2024-03-12 21:01:15$t1$w2024-03-12$yKLDA
=999  \\$c21$d21

