=LDR  00938nam a22002537a 4500
=001  11578
=005  20240327134717.0
=008  191121s2019\\\\\\\\\\\\\\\\\\\\\\\\vie\\
=040  \\$aLIB.UNETI$bvie$cLIB.UNETI$eAACR2
=041  0\$avie
=082  \\$a657$bD212O
=100  1\$aĐặng, Thị Kim Oanh
=245  10$aKế toán tiền lương và các khoản trích theo lương tại Công Ty Cổ phần SOHACO Việt Nam /$cĐặng Thị Kim Oanh; Hoàng Thị Huyền
=260  \\$a[k.đ.] :$b[k.n.x.b.],$c2019
=300  \\$a80 tr. ;$c30 cm
=653  \\$aKế toán tiền lương
=653  \\$aSOHACO Việt Nam
=653  \\$aTrích theo lương
=690  \\$a2
=691  \\$a31
=700  1\$aHoàng, Thị Huyền$eNgười hướng dẫn
=942  \\$cKLDA
=952  \\$00$10$2ddc$40$6657_000000000000000_D212O$70$963$aLibM$bLibM$cM01$d2024-03-12$l1$o657 D212O$p000004011$r2024-03-12 21:01:15$s2021-03-18$t1$w2024-03-12$yKLDA
=999  \\$c22$d22

