=LDR  00931nam a22002537a 4500
=001  11580
=005  20240327134717.0
=008  191121s2019\\\\\\\\\\\\\\\\\\\\\\\\vie\\
=040  \\$aLIB.UNETI$bvie$cLIB.UNETI$eAACR2
=041  0\$avie
=082  \\$a657$bN4994H
=100  1\$aNguyễn, Thị Hương
=245  10$aKế toán tập hợp chi phí và tính giá thành sản phẩm tại Công Ty cổ phầnThương mại xây dựng Hà Anh /$cNguyễn Thị Hương; Nguyễn Ngọc Lan
=260  \\$a[k.đ.] :$b[k.n.x.b.],$c2019
=300  \\$a80 tr. ;$c30 cm
=653  \\$aChi phí sản xuất
=653  \\$aHà Anh
=653  \\$aTính giá thành
=690  \\$a2
=691  \\$a31
=700  1\$aNguyễn, Ngọc Lan$eNgười hướng dẫn
=942  \\$cKLDA
=952  \\$00$10$2ddc$40$6657_000000000000000_N4994H$70$964$aLibM$bLibM$cM01$d2024-03-12$l0$o657 N4994H$p000004010$r2024-03-12 21:01:15$t1$w2024-03-12$yKLDA
=999  \\$c23$d23

