=LDR  00855nam a22002417a 4500
=001  11581
=005  20240327134717.0
=008  191121s2019\\\\\\\\\\\\\\\\\\\\\\\\vie\\
=040  \\$aLIB.UNETI$bvie$cLIB.UNETI$eAACR2
=041  0\$avie
=082  \\$a657$bT773N
=100  1\$aTrương, Thị Hằng Nga
=245  10$aKế toán nguyên vật liệu và CCDC tại công Ty Cổ Phần Đầu Tư Thái Bình /$cTrương Thị Hằng Nga; Phạm Thị Tươi
=260  \\$a[k.đ.] :$b[k.n.x.b.],$c2019
=300  \\$a77 tr. ;$c30 cm
=653  \\$aKế toán dụng cụ
=653  \\$aNguyên vật liệu
=653  \\$aThái Bình
=690  \\$a2
=691  \\$a31
=942  \\$cKLDA
=952  \\$00$10$2ddc$40$6657_000000000000000_T773N$70$965$aLibM$bLibM$cM01$d2024-03-12$l1$o657 T773N$p000004009$r2024-03-12 21:01:15$s2021-01-29$t1$w2024-03-12$yKLDA
=999  \\$c24$d24

