=LDR  00889nam a22002657a 4500
=001  11587
=005  20240327134717.0
=008  191121s2019\\\\\\\\\\\\\\\\\\\\\\\\vie\\
=040  \\$aLIB.UNETI$bvie$cLIB.UNETI$eAACR2
=041  0\$avie
=082  \\$a657$bV97L
=100  1\$aVũ, Trang Linh
=245  10$aKế toán quản trị hàng tồn kho tại Công ty Cổ Phần sản xuất túi nhựa Hà Nội /$cVũ Trang Linh, Nguyễn Ánh Hồng
=260  \\$a[k.đ.] :$b[k.n.x.b.],$c2019
=300  \\$a80 tr.
=300  \\$c30cm
=653  \\$aHàng tồn kho
=653  \\$aQuản trị
=653  \\$aTúi nhựa Hà Nội
=690  \\$a2
=691  \\$a31
=700  1\$aNguyễn, Ánh Hồng$eBiên soạn
=942  \\$cKLDA
=952  \\$00$10$2ddc$40$6657_000000000000000_V97L$70$966$aLibM$bLibM$cM01$d2024-03-12$l0$o657 V97L$p000004006$r2024-03-12 21:01:15$t1$w2024-03-12$yKLDA
=999  \\$c25$d25

