=LDR  00917nam a22002657a 4500
=001  11589
=005  20240327134717.0
=008  191121s2019\\\\\\\\\\\\\\\\\\\\\\\\vie\\
=040  \\$aLIB.UNETI$bvie$cLIB.UNETI$eAACR2
=041  0\$avie
=082  \\$a657$bN4994L
=100  1\$aNguyễn, Thị Lan
=245  10$aKế toán công nợ phải thu , phải trả tại Công Ty Cổ Phần Kinh Doanh Hàng Công Nghiệp Nam Định /$cNguyễn Thị Lan, Hoàng Thị Hường
=260  \\$a[k.đ.] :$b[k.n.x.b.],$c2019
=300  \\$a61 tr.
=300  \\$c30cm
=653  \\$aKế toán công nợ
=653  \\$aPhải thu
=653  \\$aPhải trả
=690  \\$a2
=691  \\$a31
=700  1\$aHoàng, Thị Hường$eBiên soạn
=942  \\$cKLDA
=952  \\$00$10$2ddc$40$6657_000000000000000_N4994L$70$967$aLibM$bLibM$cM01$d2024-03-12$l0$o657 N4994L$p000004005$r2024-03-12 21:01:15$t1$w2024-03-12$yKLDA
=999  \\$c26$d26

