=LDR  00954nam a22002537a 4500
=001  11591
=005  20240327134717.0
=008  191121s\\\\\\\\\\\\\\\\\\\\\\\\\\\\vie\\
=040  \\$aLIB.UNETI$bvie$cLIB.UNETI$eAACR2
=041  0\$avie
=082  \\$a657$bN4994H
=100  1\$aNguyễn, Thị Hạnh
=245  10$aKế toán bán hàng và xác định kết quả kinh doanh tại Công Ty Cổ Phần Thương Mại , Dịch Vụ ADH Thăng long /$cNguyễn Thị Hạnh; Phạm Thị Thúy Vân
=260  \\$a[k.đ.] :$b[k.n.x.b.]
=260  \\$c2019
=300  \\$a80 tr.
=653  \\$aKế toán bán hàng
=653  \\$aXác định kết quả kinh doanh
=690  \\$a2
=691  \\$a31
=700  1\$aPhạm, Thị Thùy Vân$eNgười hướng dẫn
=942  \\$cKLDA
=952  \\$00$10$2ddc$40$6657_000000000000000_N4994H$70$968$aLibM$bLibM$cM01$d2024-03-12$l3$o657 N4994H$p000003938$r2024-03-12 21:01:15$s2021-03-31$t1$w2024-03-12$yKLDA
=999  \\$c27$d27

