=LDR  00916nam a22002657a 4500
=001  11593
=005  20240327134717.0
=008  191121s2019\\\\\\\\\\\\\\\\\\\\\\\\vie\\
=040  \\$aLIB.UNETI$bvie$cLIB.UNETI$eAACR2
=041  0\$avie
=082  \\$a657$bN4994L
=100  1\$aNguyễn, Thị Lý
=245  10$aKế toán nợ phải thu và quản trị nợ phải thu trong Công Ty Cổ Phần Xây Dựng Thủy Lợi Điện Biên /$cNguyễn Thị Lý, Nguyễn Ánh Hồng
=260  \\$a[k.đ.] :$b[k.n.x.b.],$c2019
=300  \\$a73 tr.
=300  \\$c30cm
=653  \\$aKế toán
=653  \\$aNợ phải thu
=653  \\$aQuản trị
=690  \\$a2
=691  \\$a31
=700  1\$aNguyễn, Ánh Hồng$eBiên soạn
=942  \\$cKLDA
=952  \\$00$10$2ddc$40$6657_000000000000000_N4994L$70$969$aLibM$bLibM$cM01$d2024-03-12$l0$o657 N4994L$p000004002$r2024-03-12 21:01:15$t1$w2024-03-12$yKLDA
=999  \\$c28$d28

