=LDR  00926nam a22002657a 4500
=001  11594
=005  20240327134717.0
=008  191121s\\\\\\\\\\\\\\\\\\\\\\\\\\\\vie\\
=040  \\$aLIB.UNETI$bvie$cLIB.UNETI$eAACR2
=041  0\$avie
=082  \\$a657$bH6508A
=100  1\$aHoàng, Thị Châu Anh
=245  10$aKế toán công nợ phải thu và công nợ phải trả tại Công ty Cổ Phần Dược Phẩm Bảo Minh /$cHoàng Thị Châu Anh; Nguyễn Thanh Huyền
=260  \\$a[k.đ.] :$b[k.n.x.b.]
=260  \\$c2019
=300  \\$a77 tr. ;$c27 cm
=653  \\$aKế toán công nợ
=653  \\$aPhải thu
=653  \\$aPhải trả
=690  \\$a2
=691  \\$a31
=700  1\$aNguyễn, Thanh Huyền$eHướng dẫn
=942  \\$cKLDA
=952  \\$00$10$2ddc$40$6657_000000000000000_H6508A$70$970$aLibM$bLibM$cM01$d2024-03-12$l0$o657 H6508A$p000003991$r2024-03-12 21:01:15$t1$w2024-03-12$yKLDA
=999  \\$c29$d29

