=LDR  00913nam a22002417a 4500
=001  11596
=005  20240327134717.0
=008  191121s2019\\\\\\\\\\\\\\\\\\\\\\\\vie\\
=040  \\$aLIB.UNETI$bvie$cLIB.UNETI$eAACR2
=041  0\$avie
=082  \\$a657$bN4991H
=100  1\$aNguyễn, Thị Ngọc Hân
=245  10$aKế toán xác định kết quả kinh doanh tại Công Ty TNHH Thương Mại, Dịch Vụ Xuất Nhập Khẩu Thiện Hằng /$cNguyễn Thị Ngọc Hân; Trương Thị Nhung
=260  \\$a[k.đ.] :$b[k.n.x.b.],$c2019
=300  \\$a75 tr. ;$c27 cm
=653  \\$aKế toán
=653  \\$aKế toán xác định
=690  \\$a2
=691  \\$a31
=700  1\$aTrương, Thi Nhung$eNgười hướng dẫn
=942  \\$cKLDA
=952  \\$00$10$2ddc$40$6657_000000000000000_N4991H$70$971$aLibM$bLibM$cM01$d2024-03-12$l0$o657 N4991H$p000003959$r2024-03-12 21:01:15$t1$w2024-03-12$yKLDA
=999  \\$c30$d30

