=LDR  00902nam a22002537a 4500
=001  11597
=005  20240327134717.0
=008  191121s2019\\\\\\\\\\\\\\\\\\\\\\\\vie\\
=040  \\$aLIB.UNETI$bvie$cLIB.UNETI$eAACR2
=041  0\$avie
=082  \\$a657$bT685N
=100  1\$aTrần, Thị Thu Ngân
=245  10$aKế toán tài sản cố định tại Công Ty TNHH Công Nghệ Và Thiết Bị Nhật Linh /$cTrần Thị Thu Ngân, Nguyễn Thị Tô Phượng
=260  \\$c2019
=300  \\$a80 tr. ;$c27 cm
=653  \\$aKế toán
=653  \\$aNhật Linh
=653  \\$aTài sản cố định
=690  \\$a2
=691  \\$a31
=700  1\$aNguyễn, Thị Tô Phượng$eNgười hướng dẫn
=942  \\$cKLDA
=952  \\$00$10$2ddc$40$6657_000000000000000_T685N$70$972$aLibM$bLibM$cM01$d2024-03-12$l2$o657 T685N$p000003958$r2024-03-12 21:01:15$s2021-03-31$t1$w2024-03-12$yKLDA
=999  \\$c31$d31

