=LDR  00917nam a22002537a 4500
=001  11603
=005  20240327134717.0
=008  191122s2019\\\\\\\\\\\\\\\\\\\\\\\\vie\\
=040  \\$aLIB.UNETI$bvie$cLIB.UNETI$eAACR2
=041  0\$avie
=082  \\$a657$bN4994N
=100  1\$aNguyễn, Thị Nga
=245  10$aKế toán xác định kết quả kinh doanh tại Công Ty Cổ Phần Dịch Vụ và Công Nghệ Thành Anh /$cNguyễn Thị Nga; Hoàng Thị Phương Lan
=260  \\$a[k.đ.] :$b[k.n.x.b.],$c2019
=300  \\$a76 tr. ;$c27 cm
=653  \\$aKế toán
=653  \\$aKết quả kinh doanh
=653  \\$aThành An
=690  \\$a2
=691  \\$a31
=700  1\$aHoàng, Thị Phương Lan$eNgười hướng dẫn
=942  \\$cKLDA
=952  \\$00$10$2ddc$40$6657_000000000000000_N4994N$70$973$aLibM$bLibM$cM01$d2024-03-12$l0$o657 N4994N$p000003956$r2024-03-12 21:01:15$t1$w2024-03-12$yKLDA
=999  \\$c32$d32

