=LDR  00896nam a22002537a 4500
=001  11605
=005  20240327134717.0
=008  191122s2019\\\\\\\\\\\\\\\\\\\\\\\\vie\\
=040  \\$aLIB.UNETI$bvie$cLIB.UNETI$eAACR2
=041  0\$avie
=082  \\$a657$bL46M
=100  1\$aLê, Thị Mai
=245  10$aKế toán tiền lương và các khoản trích theo lương tại Xi Nghiệp Trung Đô Hoàng Mai /$cLê Thị Mai; Vũ Thị Diệp
=260  \\$a[k.đ.] :$b[k.n.x.b.],$c2019
=300  \\$a80 tr. ;$c27 cm
=653  \\$aKế toán tiền lương
=653  \\$aTrích theo lương
=653  \\$aTrung Đô Hoàng Mai
=690  \\$a2
=691  \\$a31
=700  1\$aVũ, Thị Diệp$eNgười hướng dẫn
=942  \\$cKLDA
=952  \\$00$10$2ddc$40$6657_000000000000000_L46M$70$974$aLibM$bLibM$cM01$d2024-03-12$l0$o657 L46M$p000003955$r2024-03-12 21:01:15$t1$w2024-03-12$yKLDA
=999  \\$c33$d33

