=LDR  00957nam a22002657a 4500
=001  11610
=005  20240327134717.0
=008  191122s\\\\\\\\\\\\\\\\\\\\\\\\\\\\vie\\
=040  \\$aLIB.UNETI$bvie$cLIB.UNETI$eAACR2
=041  0\$avie
=082  \\$a657$bD238L
=100  1\$aĐào, Thị Châu Long
=245  10$aKế toán thành phẩm tiêu thụ và xác định kết quả tiêu thụ tại Công Ty Cổ Phần In Sách Việt Nam /$cĐào Thị Châu Long; Nguyễn Ngọc Toản
=260  \\$a[k.đ.] :$b[k.n.x.b.]
=260  \\$c2019
=300  \\$a76 tr. ;$c27 cm
=653  \\$aIn sách Việt Nam
=653  \\$aKế toán thành phẩm
=653  \\$aKết quả tiêu thụ
=690  \\$a2
=691  \\$a31
=700  1\$aNguyễn, Ngọc Toản$eHướng dẫn
=942  \\$cKLDA
=952  \\$00$10$2ddc$40$6657_000000000000000_D238L$70$975$aLibM$bLibM$cM01$d2024-03-12$l0$o657 D238L$p000003985$r2024-03-12 21:01:15$t1$w2024-03-12$yKLDA
=999  \\$c34$d34

