=LDR  00977nam a22002657a 4500
=001  11613
=005  20240327134718.0
=008  191122s\\\\\\\\\\\\\\\\\\\\\\\\\\\\vie\\
=040  \\$aLIB.UNETI$bvie$cLIB.UNETI$eAACR2
=041  0\$avie
=082  \\$a657$bD6496D
=100  1\$aĐỗ, Thị Thùy Dung
=245  10$aKế toán tiền lương và các khoản trích theo lương Tại Công Ty Cổ Phần Sản Xuất Thiết Kế Nội Thất Thái Dương /$cĐỗ Thị Thùy Dung; Hoàng Thị Huyền
=260  \\$a[k.đ.] :$b[k.n.x.b.]
=260  \\$c2019
=300  \\$a66 tr. ;$c27 cm
=653  \\$aKế toán tiền lương
=653  \\$aThái Dương
=653  \\$aTrích theo lương
=690  \\$a2
=691  \\$a31
=700  1\$aHoàng, Thị Huyền$eHướng dẫn
=942  \\$cKLDA
=952  \\$00$10$2ddc$40$6657_000000000000000_D6496D$70$976$aLibM$bLibM$cM01$d2024-03-12$l3$o657 D6496D$p000003984$r2024-03-12 21:01:15$s2021-04-12$t1$w2024-03-12$yKLDA
=999  \\$c35$d35

