=LDR  01036nam a22002777a 4500
=001  11614
=005  20240327134718.0
=008  191122s2019\\\\\\\\\\\\\\\\\\\\\\\\vie\\
=040  \\$aLIB.UNETI$bvie$cLIB.UNETI$eAACR2
=041  0\$avie
=082  \\$a537$bG3489D
=100  1\$aGiáp, Viết Dương
=245  10$aNghiên cứu điều khiển tốc độ động cơ DC bằng phương pháp điều chế độ rộng xung giao tiếp máy tính ( xây dựng mô hình băng tải ) /$cGiáp Viết Dương; Trần Đức Chuyển
=260  \\$a[k.đ.] :$b[k.n.x.b.],$c2019
=300  \\$a57 tr.
=300  \\$c30 cm
=653  \\$ađiều chế độ rộng
=653  \\$aMô hình băng tải
=653  \\$aNghiên cứu
=653  \\$aTốc độ động cơ
=690  \\$a7
=691  \\$a24
=700  1\$aTrần, Đức Chuyển$eHướng dẫn
=942  \\$cKLDA
=952  \\$00$10$2ddc$40$6537_000000000000000_G3489D$70$977$aLibL$bLibL$cL01$d2024-03-12$l0$o537 G3489D$p000020666$r2024-03-12 21:01:15$t1$w2024-03-12$yKLDA
=999  \\$c36$d36

