=LDR  00942nam a22002777a 4500
=001  11616
=005  20240327134718.0
=008  191122s2019\\\\\\\\\\\\\\\\\\\\\\\\vie\\
=040  \\$aLIB.UNETI$bvie$cLIB.UNETI$eAACR2
=041  0\$avie
=082  \\$a537$bP491D
=100  1\$aPhạm, Văn Duy
=245  10$aNghiên cứu thiết kế hệ truyền động điều khiển động cơ không đồng bộ 3 pha trong hệ thống băng tải /$cPhạm Văn Duy; Võ Thu Hà
=260  \\$a[k.đ.] :$b[k.n.x.b.],$c2019
=300  \\$a53 tr.
=300  \\$c30 cm
=653  \\$a3 pha
=653  \\$aHệ thống băng tải
=653  \\$aHệ truyền động
=653  \\$aThiết kế
=690  \\$a7
=691  \\$a24
=700  1\$aVõ, Thu Hà$eHướng dẫn
=942  \\$cKLDA
=952  \\$00$10$2ddc$40$6537_000000000000000_P491D$74$978$aLibL$bLibL$cL01$d2024-03-12$l0$o537 P491D$p000020665$r2024-03-12 21:01:15$t1$w2024-03-12$yKLDA
=999  \\$c37$d37

