=LDR  00974nam a22002657a 4500
=001  11620
=005  20240327134718.0
=008  191122s\\\\\\\\\\\\\\\\\\\\\\\\\\\\vie\\
=040  \\$aLIB.UNETI$bvie$cLIB.UNETI$eAACR2
=041  0\$avie
=082  \\$a657$bN4994N
=100  1\$aNguyễn, Thị Thu Ngân
=245  10$aKế toán thành phẩm, tiêu thu và xác định kết quả tiêu thụ tại Công Ty Cổ Phần Sữa Hà Lan /$cNguyễn Thị Thu Ngân; Nguyễn Ngọc Toản
=260  \\$a[k.đ.] :$b[k.n.x.b.]
=260  \\$c2019
=300  \\$a80 tr. ;$c27 cm
=653  \\$aKế toán thành phẩm
=653  \\$aTiêu thụ
=653  \\$aXác định kết quả tiêu thụ
=690  \\$a2
=691  \\$a31
=700  1\$aNguyễn, Ngọc Toản$eHướng dẫn
=942  \\$cKLDA
=952  \\$00$10$2ddc$40$6657_000000000000000_N4994N$70$979$aLibM$bLibM$cM01$d2024-03-12$l1$o657 N4994N$p000003982$r2024-03-12 21:01:15$s2021-03-25$t1$w2024-03-12$yKLDA
=999  \\$c38$d38

