=LDR  01043nam a22002777a 4500
=001  11622
=005  20240327134718.0
=008  191122s2019\\\\\\\\\\\\\\\\\\\\\\\\vie\\
=040  \\$aLIB.UNETI$bvie$cLIB.UNETI$eAACR2
=041  0\$avie
=082  \\$a537$bH11Đ
=100  1\$aHà, Trung Đức
=245  10$aNghiên cứu điều khiển tốc độ động cơ Dc bằng phương pháp điều chế độ rộng xung giao tiếp máy tính ( xây dựng mô hình trạm trộn ) /$cHà trung Đức; Trần Đức Chuyển
=260  \\$a[k.đ.] :$b[k.n.x.b.],$c2019
=300  \\$a64 tr.
=300  \\$c30 cm
=653  \\$aĐiều chế độ rộng xung
=653  \\$aNghiên cứu điều khiển
=653  \\$aTốc độ động cơ DC
=653  \\$aTrạm trộn
=690  \\$a7
=691  \\$a24
=700  1\$aTrần, Đức Chuyển$eHướng dẫn
=942  \\$cKLDA
=952  \\$00$10$2ddc$40$6537_000000000000000_H11Đ$70$980$aLibL$bLibL$cL01$d2024-03-12$l0$o537 H11Đ$p000020663$r2024-03-12 21:01:16$t1$w2024-03-12$yKLDA
=999  \\$c39$d39

