=LDR  00974nam a22002777a 4500
=001  11628
=005  20240327134718.0
=008  191122s2019\\\\\\\\\\\\\\\\\\\\\\\\vie\\
=040  \\$aLIB.UNETI$bvie$cLIB.UNETI$eAACR2
=041  0\$avie
=082  \\$a537$bN4994H
=100  1\$aNguyễn, Thị Hà
=245  10$aNghiên cứu thiết kế hệ thống truyền động điều khiển động cơ không đồng bộ 3 pha trong hệ thống băng tải /$cNguyễn Thị Hà; Võ Thu Hà
=260  \\$a[k.đ.] :$b[k.n.x.b.],$c2019
=300  \\$a61 tr.
=300  \\$c30 cm
=653  \\$aBăng tải
=653  \\$aHệ thống truyền động
=653  \\$aKhông đồng bộ 3 pha
=653  \\$aThiết kế
=690  \\$a7
=691  \\$a24
=700  1\$aVõ, Thu Hà$eHướng dẫn
=942  \\$cKLDA
=952  \\$00$10$2ddc$40$6537_000000000000000_N4994H$70$981$aLibL$bLibL$cL01$d2024-03-12$l0$o537 N4994H$p000020657$r2024-03-12 21:01:16$t1$w2024-03-12$yKLDA
=999  \\$c40$d40

