=LDR  00946nam a22002657a 4500
=001  11629
=005  20240327134718.0
=008  191122s\\\\\\\\\\\\\\\\\\\\\\\\\\\\vie\\
=040  \\$aLIB.UNETI$bvie$cLIB.UNETI$eAACR2
=041  0\$avie
=082  \\$a657$bN4994C
=100  1\$aNguyễn, Thị Ngọc Chúc
=245  10$aKế toán nguyên vật liệu và công cụ dụng cụ tại Công Ty Cổ Phần Giấy Việt Nga /$cNguyễn Thị Ngọc Chúc; Vũ Thị Duyên
=260  \\$a[k.đ.] :$b[k.n.x.b.]
=260  \\$c2019
=300  \\$a80 tr. ;$c27 cm
=653  \\$aCông cụ dụng cụ
=653  \\$aKế toán nguyên vật liệu
=653  \\$aViệt nga
=690  \\$a2
=691  \\$a31
=700  1\$aVũ, Thị Duyên$eHướng dẫn
=942  \\$cKLDA
=952  \\$00$10$2ddc$40$6657_000000000000000_N4994C$70$982$aLibM$bLibM$cM01$d2024-03-12$l1$o657 N4994C$p000003980$r2024-03-12 21:01:16$s2021-01-29$t1$w2024-03-12$yKLDA
=999  \\$c41$d41

