=LDR  00955nam a22002657a 4500
=001  11633
=005  20240327134718.0
=008  191122s\\\\\\\\\\\\\\\\\\\\\\\\\\\\vie\\
=040  \\$aLIB.UNETI$bvie$cLIB.UNETI$eAACR2
=041  0\$avie
=082  \\$a657$bD924M
=100  1\$aDương, Thị Mai
=245  10$aKế toán nguyên vật liệu công cụ dụng cụ tại công ty cổ phần sản xuất đầu tư và thương mại Tài Lực /$cDương Thị Mai; Nguyễn Thị Thu Hà
=260  \\$a[k.đ.] :$b[k.n.x.b.]
=260  \\$c2019
=300  \\$a80 tr. ;$c27 cm
=653  \\$aCông cụ dụng cụ
=653  \\$aKế toán
=653  \\$aKế toán nguyên vật liệu
=690  \\$a2
=691  \\$a31
=700  1\$aNguyễn, Thị Thu Hà$eHướng dẫn
=942  \\$cKLDA
=952  \\$00$10$2ddc$40$6657_000000000000000_D924M$70$983$aLibM$bLibM$cM01$d2024-03-12$l0$o657 D924M$p000003970$r2024-03-12 21:01:16$t1$w2024-03-12$yKLDA
=999  \\$c42$d42

