=LDR  00960nam a22002657a 4500
=001  11635
=005  20240327134718.0
=008  191122s\\\\\\\\\\\\\\\\\\\\\\\\\\\\vie\\
=040  \\$aLIB.UNETI$bvie$cLIB.UNETI$eAACR2
=041  0\$avie
=082  \\$a657$bN4994H
=100  1\$aNguyễn, Thị Thu Huyền
=245  10$aKế toán tiền lương và các khoản trích theo lương tại Công Ty TNHH Thương Mại Dịch Vụ Thảo An Phát /$cNguyễn Thị Thu Huyền; Trần Phương Thúy
=260  \\$a[k.đ.] :$b[k.n.x.b.]
=260  \\$c2019
=300  \\$a76 tr. ;$c27 cm
=653  \\$aKế toán tiền lương
=653  \\$aThảo An Phát
=653  \\$aTrích theo lương
=690  \\$a2
=691  \\$a31
=700  1\$aTrần, Phương Thúy$eHướng dẫn
=942  \\$cKLDA
=952  \\$00$10$2ddc$40$6657_000000000000000_N4994H$70$984$aLibM$bLibM$cM01$d2024-03-12$l0$o657 N4994H$p000003968$r2024-03-12 21:01:16$t1$w2024-03-12$yKLDA
=999  \\$c43$d43

