=LDR  00956nam a22002777a 4500
=001  11637
=005  20240327134718.0
=008  191122s2019\\\\\\\\\\\\\\\\\\\\\\\\vie\\
=040  \\$aLIB.UNETI$bvie$cLIB.UNETI$eAACR2
=041  0\$avie
=082  \\$a537$bH11L
=100  1\$aHà, Thị Liên
=245  10$aNghiên cứu thiết kế hệ truyền động điều khiển động cơ KĐB 3 pha trong hệ thống băng tải /$cHà Thị Liên; Võ Thu Hà
=260  \\$a[k.đ.] :$b[k.n.x.b.],$c2019
=300  \\$a68 tr.
=300  \\$c30 cm
=653  \\$aBăng tải
=653  \\$aKhông đồng bộ 3 pha
=653  \\$aNghiên cứu thiết kế
=653  \\$aTruyền động điều khiển
=690  \\$a7
=691  \\$a24
=700  1\$aVõ, Thu Hà$eHướng dẫn
=942  \\$cKLDA
=952  \\$00$10$2ddc$40$6537_000000000000000_H11L$70$985$aLibL$bLibL$cL01$d2024-03-12$l0$o537 H11L$p000020658$r2024-03-12 21:01:16$t1$w2024-03-12$yKLDA
=999  \\$c44$d44

