=LDR  00965nam a22002537a 4500
=001  11638
=005  20240327134718.0
=008  191122s2019\\\\\\\\\\\\\\\\\\\\\\\\vie\\
=040  \\$aLIB.UNETI$bvie$cLIB.UNETI$eAACR2
=041  0\$avie
=082  \\$a657$bT685Q
=100  1\$aTrần, Thúy Quỳnh
=245  10$aKế toán tập hợp chi phí sản xuất và tình giá thành sản phẩm Cổ phần cơ khí và thương mại Bách Khoa /$cTrần Thúy Quỳnh; Nguyễn Thị Hằng
=260  \\$a[k.đ.] :$b[k.n.x.b.],$c2019
=300  \\$a77 tr. ;$c27 cm
=653  \\$aChi phí sản xuất
=653  \\$aGiá thành sản phẩm
=653  \\$aKế toán tập hợp
=690  \\$a2
=691  \\$a31
=700  1\$aNguyễn, Thị Hằng$eNgười hướng dẫn
=942  \\$cKLDA
=952  \\$00$10$2ddc$40$6657_000000000000000_T685Q$70$986$aLibM$bLibM$cM01$d2024-03-12$l1$o657 T685Q$p000003966$r2024-03-12 21:01:16$s2021-01-04$t1$w2024-03-12$yKLDA
=999  \\$c45$d45

