=LDR  00898nam a22002537a 4500
=001  11639
=005  20240327134718.0
=008  191122s2019\\\\\\\\\\\\\\\\\\\\\\\\vie\\
=040  \\$aLIB.UNETI$bvie$cLIB.UNETI$eAACR2
=041  0\$avie
=082  \\$a657$bN4994D
=100  1\$aNguyễn, Thị Dung
=245  10$aKế toán vốn bằng tiền Công Ty TNHH Kiến Trúc và Chuyển giao Công Nghệ Hà Nội /$cNguyễn Thị Dung; Lê Thị Oanh
=260  \\$a[k.đ.] :$b[k.n.x.b.],$c2019
=300  \\$a67 tr. ;$c27 cm
=653  \\$aKế toán
=653  \\$aKế toán vốn bằng tiền
=653  \\$aTNHH Kiến Trúc
=690  \\$a2
=691  \\$a31
=700  1\$aLê, Thị Oanh$eNgười hướng dẫn
=942  \\$cKLDA
=952  \\$00$10$2ddc$40$6657_000000000000000_N4994D$70$987$aLibM$bLibM$cM01$d2024-03-12$l0$o657 N4994D$p000003965$r2024-03-12 21:01:16$t1$w2024-03-12$yKLDA
=999  \\$c46$d46

