=LDR  00934nam a22002537a 4500
=001  11640
=005  20240327134718.0
=008  191122s2019\\\\\\\\\\\\\\\\\\\\\\\\vie\\
=040  \\$aLIB.UNETI$bvie$cLIB.UNETI$eAACR2
=041  0\$avie
=082  \\$a657$bN4994H
=100  1\$aNguyễn, Thị Thu Hảo
=245  10$aKế toán tiền lương và các khoản trích theo lương tại Công Ty TNHH Xây Dựng Giao Thông Bình An /$cNguyễn Thị Thu Hảo; Trần Phương Thúy
=260  \\$a[k.đ.] :$b[k.n.x.b.],$c2019
=300  \\$a70 tr. ;$c27 cm
=653  \\$aBình An
=653  \\$aKế toán tiền lương
=653  \\$aTrích theo lương
=690  \\$a2
=691  \\$a31
=700  1\$aTrần, Phương Thúy$eNgười hướng dẫn
=942  \\$cKLDA
=952  \\$00$10$2ddc$40$6657_000000000000000_N4994H$70$988$aLibM$bLibM$cM01$d2024-03-12$l0$o657 N4994H$p000003964$r2024-03-12 21:01:16$t1$w2024-03-12$yKLDA
=999  \\$c47$d47

