=LDR  00960nam a22002777a 4500
=001  11641
=005  20240327134718.0
=008  191122s2019\\\\\\\\\\\\\\\\\\\\\\\\vie\\
=040  \\$aLIB.UNETI$bvie$cLIB.UNETI$eAACR2
=041  0\$avie
=082  \\$a537$bN4994Th
=100  1\$aNguyễn, Thị Thảo
=245  10$aNghiên cứu thiết kế hệ truyền động điều khiển dộng cơ KĐB 3 pha trong hệ thống băng tải /$cNguyễn Thị Thảo; Vũ Duy Hưng
=260  \\$a[k.đ.] :$b[k.n.x.b.],$c2019
=300  \\$a57 tr.
=300  \\$c30 cm
=653  \\$a3 pha
=653  \\$abăng tải
=653  \\$aNghiên cứu thiết kế
=653  \\$aTruyền động điều khiển
=690  \\$a7
=691  \\$a24
=700  1\$aVũ, Duy Hưng$eHướng dẫn
=942  \\$cKLDA
=952  \\$00$10$2ddc$40$6537_000000000000000_N4994TH$70$989$aLibL$bLibL$cL01$d2024-03-12$l0$o537 N4994Th$p000020660$r2024-03-12 21:01:16$t1$w2024-03-12$yKLDA
=999  \\$c48$d48

