=LDR  00967nam a22002537a 4500
=001  11643
=005  20240327134718.0
=008  191122s2019\\\\\\\\\\\\\\\\\\\\\\\\vie\\
=040  \\$aLIB.UNETI$bvie$cLIB.UNETI$eAACR2
=041  0\$avie
=082  \\$a657$bN4994G
=100  1\$aNguyễn, Thị Giang
=245  10$aKế toán tập hợp chi phí sản xuất và tính giá thành sản phẩm tại công ty TNHH phát triển công nghệ Honk Việt Nam /$cNguyễn Thị Giang; Trần Thị Thanh Thúy
=260  \\$a[k.đ.] :$b[k.n.x.b.],$c2019
=300  \\$a80 tr. ;$c27 cm
=653  \\$aChi phí sản xuất
=653  \\$aKế toán tập hợp
=653  \\$aTính giá thành
=690  \\$a2
=691  \\$a31
=700  1\$aTrần, Thị Thanh Thúy$eNgười hướng dẫn
=942  \\$cKLDA
=952  \\$00$10$2ddc$40$6657_000000000000000_N4994G$70$990$aLibM$bLibM$cM01$d2024-03-12$l0$o657 N4994G$p000003962$r2024-03-12 21:01:16$t1$w2024-03-12$yKLDA
=999  \\$c49$d49

