=LDR  00947nam a22002537a 4500
=001  11644
=005  20240327134718.0
=008  191122s2019\\\\\\\\\\\\\\\\\\\\\\\\vie\\
=040  \\$aLIB.UNETI$bvie$cLIB.UNETI$eAACR2
=041  0\$avie
=082  \\$a657$bN4994H
=100  1\$aNguyễn, Thu Hà
=245  10$aKế toán xác định kết quả kinh doanh tại Công ty TNHH Sản Xuất và Thương Mại xây Dựng Sơn Trà /$cNguyễn Thu Hà; Trần Thị Quỳnh Giang
=260  \\$a[k.đ.] :$b[k.n.x.b.],$c2019
=300  \\$a78 tr. ;$c27 cm
=653  \\$aKế toán xác định
=653  \\$aKết quả kinh doanh
=653  \\$aSơn Trà
=690  \\$a2
=691  \\$a31
=700  1\$aTrần, Thị Quỳnh Giang$eNgười hướng dẫn
=942  \\$cKLDA
=952  \\$00$10$2ddc$40$6657_000000000000000_N4994H$70$991$aLibM$bLibM$cM01$d2024-03-12$l4$o657 N4994H$p000003961$r2024-03-12 21:01:16$s2021-04-12$t1$w2024-03-12$yKLDA
=999  \\$c50$d50

