=LDR  00913nam a22002537a 4500
=001  11646
=005  20240327134718.0
=008  191122s2019\\\\\\\\\\\\\\\\\\\\\\\\vie\\
=040  \\$aLIB.UNETI$bvie$cLIB.UNETI$eAACR2
=041  0\$avie
=082  \\$a657$bN4994N
=100  1\$aNguyễn, Hà Nam
=245  10$aKế toán tài sản cố định tại Công Ty Cổ Phần Thương Mại dịch Vụ Kozy Việt Nam /$cNguyễn Hà Nam; Trương Thị Nhung
=260  \\$a[k.đ.] :$b[k.n.x.b.],$c2019
=300  \\$a93 tr. ;$c27 cm
=653  \\$aKế toán
=653  \\$aKozy Việt Nam
=653  \\$aTài sản cổ định
=690  \\$a2
=691  \\$a31
=700  1\$aTrương, Thị Nhung$eNgười hướng dẫn
=942  \\$cKLDA
=952  \\$00$10$2ddc$40$6657_000000000000000_N4994N$70$992$aLibM$bLibM$cM01$d2024-03-12$l2$o657 N4994N$p000003960$r2024-03-12 21:01:16$s2021-04-12$t1$w2024-03-12$yKLDA
=999  \\$c51$d51

