=LDR  00943nam a22002777a 4500
=001  11647
=005  20240327134718.0
=008  191122s2019\\\\\\\\\\\\\\\\\\\\\\\\vie\\
=040  \\$aLIB.UNETI$bvie$cLIB.UNETI$eAACR2
=041  0\$avie
=082  \\$a537$bC1697H
=100  1\$aCao, Đình Hùng
=245  10$aThiết kế và lập trình điều khiển mô hình trạm lắp đặt sản phẩm /$cCao Đinh Hùng; Vũ Duy Hưng
=260  \\$a[k.đ.] :$b[k.n.x.b.],$c2019
=300  \\$a63 tr.
=300  \\$c30 cm
=653  \\$aĐiện ,Điện tử
=653  \\$aĐiều khiển mô hình
=653  \\$aThiết kế và lập trình
=653  \\$aTrạm lắp sản phẩm
=690  \\$a7
=691  \\$a24
=700  1\$aVũ, Duy Hưng$eHướng dẫn
=942  \\$cKLDA
=952  \\$00$10$2ddc$40$6537_000000000000000_C1697H$70$993$aLibL$bLibL$cL01$d2024-03-12$l0$o537 C1697H$p000020659$r2024-03-12 21:01:16$t1$w2024-03-12$yKLDA
=999  \\$c52$d52

