=LDR  00959nam a22002657a 4500
=001  11649
=005  20240327134718.0
=008  191122s\\\\\\\\\\\\\\\\\\\\\\\\\\\\vie\\
=040  \\$aLIB.UNETI$bvie$cLIB.UNETI$eAACR2
=041  0\$avie
=082  \\$a657$bN4994X
=100  1\$aNguyễn, Thị Xen
=245  10$aKế toán nguyên vật liệu, công cụ dụng cụ tại công ty TNHH tư vấn và kiểm định xây dựng số 8 /$cNguyễn Thị Xen; Vũ Thị Duyên
=260  \\$a[k.đ.] :$b[k.n.x.b.]
=260  \\$c2019
=300  \\$a79 tr. ;$c27 cm
=653  \\$aCông cụ dụng cụ
=653  \\$aKế toán nguyên vật liệu
=653  \\$aTNHH tư vấn và kiểm định
=690  \\$a2
=691  \\$a31
=700  1\$aVũ, Thị Duyên$eHướng dẫn
=942  \\$cKLDA
=952  \\$00$10$2ddc$40$6657_000000000000000_N4994X$70$994$aLibM$bLibM$cM01$d2024-03-12$l0$o657 N4994X$p000003976$r2024-03-12 21:01:16$t1$w2024-03-12$yKLDA
=999  \\$c53$d53

