=LDR  00948nam a22002657a 4500
=001  11653
=005  20240327134718.0
=008  191122s\\\\\\\\\\\\\\\\\\\\\\\\\\\\vie\\
=040  \\$aLIB.UNETI$bvie$cLIB.UNETI$eAACR2
=041  0\$avie
=082  \\$a657$bD238N
=100  1\$aĐào, Hồng Ngọc
=245  10$aKế toán bán hàng và xác định kết quả kinh doanh tại Công Ty TNHH thiết bị vật tư Nguyễn Gia /$cĐào Hồng Ngọc; Trần Thị Ngọc Hà
=260  \\$a[k.đ.] :$b[k.n.x.b.]
=260  \\$c2019
=300  \\$a80 tr. ;$c27 cm
=653  \\$aKế toán bán hàng
=653  \\$aNguyễn Gia
=653  \\$aXác định kết quả kinh doanh
=690  \\$a2
=691  \\$a31
=700  1\$aTrần, Thị Ngọc Hà$eHướng dẫn
=942  \\$cKLDA
=952  \\$00$10$2ddc$40$6657_000000000000000_D238N$70$995$aLibM$bLibM$cM01$d2024-03-12$l0$o657 D238N$p000003974$r2024-03-12 21:01:16$t1$w2024-03-12$yKLDA
=999  \\$c54$d54

