=LDR  00973nam a22002777a 4500
=001  11655
=005  20240327134718.0
=008  191122s2019\\\\\\\\\\\\\\\\\\\\\\\\vie\\
=040  \\$aLIB.UNETI$bvie$cLIB.UNETI$eAACR2
=041  0\$avie
=082  \\$a537$bN4994T
=100  1\$aNguyễn, Văn Thu
=245  10$aNghiên cứu và xây dựng mô hình điều khiển hệ thống cân và đóng gói sản phẩm sử dụng PLC S7 - 1200 /$cNguyễn Văn Thu; Nguyễn Thị Thành
=260  \\$a[k.đ.] :$b[k.n.x.b.],$c2019
=300  \\$a66 tr.
=300  \\$c30 cm
=653  \\$aCân và đóng gói
=653  \\$aMô hình điều khiểm
=653  \\$aNghiên cứu
=653  \\$aPLC S7 - 1200
=690  \\$a7
=691  \\$a24
=700  1\$aNguyễn, Thị Thành$eHướng dẫn
=942  \\$cKLDA
=952  \\$00$10$2ddc$40$6537_000000000000000_N4994T$74$996$aLibL$bLibL$cL01$d2024-03-12$l0$o537 N4994T$p000020649$r2024-03-12 21:01:16$t1$w2024-03-12$yKLDA
=999  \\$c55$d55

