=LDR  00894nam a22002657a 4500
=001  11656
=005  20240327134718.0
=008  191122s\\\\\\\\\\\\\\\\\\\\\\\\\\\\vie\\
=040  \\$aLIB.UNETI$bvie$cLIB.UNETI$eAACR2
=041  0\$avie
=082  \\$a657$bL46T
=100  1\$aLê, Hoài Thanh
=245  10$aKế toán tiền lương và các khoản trích theo lương tại Công Ty TNHH Hương Duyên /$cLê Hoài Thanh; Lê Thị Oanh
=260  \\$a[k.đ.] :$b[k.n.x.b.]
=260  \\$c2019
=300  \\$a75 tr. ;$c27 cm
=653  \\$aKế toán tiền lương
=653  \\$aTNHH Hương Duyên
=653  \\$aTrích theo lương
=690  \\$a2
=691  \\$a31
=700  1\$aLê, Thị Oanh$eHướng dẫn
=942  \\$cKLDA
=952  \\$00$10$2ddc$40$6657_000000000000000_L46T$70$997$aLibM$bLibM$cM01$d2024-03-12$l0$o657 L46T$p000003973$r2024-03-12 21:01:16$t1$w2024-03-12$yKLDA
=999  \\$c56$d56

