=LDR  00971nam a22002657a 4500
=001  11658
=005  20240327134718.0
=008  191122s\\\\\\\\\\\\\\\\\\\\\\\\\\\\vie\\
=040  \\$aLIB.UNETI$bvie$cLIB.UNETI$eAACR2
=041  0\$avie
=082  \\$a657$bN4994T
=100  1\$aNguyễn, Thị Thủy
=245  10$aKế toán tiền lương và các khoản trích theo lương tại Công Ty TNHH môi trường nông nghiệp xanh /$cNguyễn Thị Thủy; Trần Thị Ngọc Thúy
=260  \\$a[k.đ.] :$b[k.n.x.b.]
=260  \\$c2019
=300  \\$a80 tr. ;$c27 cm
=653  \\$aKế toán tiền lương
=653  \\$aTNHH Nông Nghiệp Xanh
=653  \\$aTrích theo lương
=690  \\$a2
=691  \\$a31
=700  1\$aTrần, Thị Ngọc Thúy$eHướng dẫn
=942  \\$cKLDA
=952  \\$00$10$2ddc$40$6657_000000000000000_N4994T$70$998$aLibM$bLibM$cM01$d2024-03-12$l2$o657 N4994T$p000003972$r2024-03-12 21:01:16$s2021-04-14$t1$w2024-03-12$yKLDA
=999  \\$c57$d57

