=LDR  00914nam a22002657a 4500
=001  11664
=005  20240327134718.0
=008  191122s2019\\\\\\\\\\\\\\\\\\\\\\\\vie\\
=040  \\$aLIB.UNETI$bvie$cLIB.UNETI$eAACR2
=041  0\$avie
=082  \\$a657$bN4994A
=100  1\$aNguyễn, Thị Vân Anh
=245  10$aKế toán công nợ phải thu, công nợ phải trả tại Công Ty TNHH Sản Xuất và Thương Mại ICMINE /$cNguyễn Thị Vân Anh; Lê Thị Hòa
=260  \\$a[k.đ.] :$b[k.n.x.b.],$c2019
=300  \\$a78 tr.
=300  \\$c30 cm
=653  \\$aKế toán công nợ
=653  \\$aPhải thu
=653  \\$aPhải trả
=690  \\$a2
=691  \\$a31
=700  1\$aLê, Thị Hòa$eHướng dẫn
=942  \\$cKLDA
=952  \\$00$10$2ddc$40$6657_000000000000000_N4994A$70$999$aLibM$bLibM$cM01$d2024-03-12$l0$o657 N4994A$p000003925$r2024-03-12 21:01:16$t1$w2024-03-12$yKLDA
=999  \\$c58$d58

