=LDR  00942nam a22002537a 4500
=001  11667
=005  20240327134718.0
=008  191122s2019\\\\\\\\\\\\\\\\\\\\\\\\vie\\
=040  \\$aLIB.UNETI$bvie$cLIB.UNETI$eAACR2
=041  0\$avie
=082  \\$a537$bN4994H
=100  1\$aNguyễn, Thị Hương
=245  10$aNghiên cứu mô hình điều khiển vị trí động cơ bước ứng dụng trong máy CNC MINi /$cNguyễn Thị Hương; Nguyễn Đức Dương
=260  \\$a[k.đ.] :$b[k.n.x.b.],$c2019
=300  \\$a53 tr. ;$c30 cm
=653  \\$aĐiều khiển vị trí động cơ
=653  \\$aNghiên cứu mô hình
=653  \\$aỨng dụng CNC MINi
=690  \\$a7
=691  \\$a24
=700  1\$aNguyễn, Đức Dương$eHướng dẫn
=942  \\$cKLDA
=952  \\$00$10$2ddc$40$6537_000000000000000_N4994H$70$9100$aLibL$bLibL$cL01$d2024-03-12$l0$o537 N4994H$p000020694$r2024-03-12 21:01:17$t1$w2024-03-12$yKLDA
=999  \\$c59$d59

