=LDR  00928nam a22002657a 4500
=001  11668
=005  20240327134718.0
=008  191122s2019\\\\\\\\\\\\\\\\\\\\\\\\vie\\
=040  \\$aLIB.UNETI$bvie$cLIB.UNETI$eAACR2
=041  0\$avie
=082  \\$a657$bC1697N
=100  1\$aCao, Thị Nam
=245  10$aKế toán thành phẩm tiêu thụ và xác định kết quả tiệu thụ tại Công Ty TNHHMTV Cơ Khí Tiến Đạt /$cCao Thị Nam, Đỗ Thị Tuyết
=260  \\$a[k.đ.] :$b[k.n.x.b.],$c2019
=300  \\$a80 tr.
=300  \\$c30 cm
=653  \\$aKế toán thành phẩm
=653  \\$akết quả tiêu thụ
=653  \\$aTiêu thụ
=690  \\$a2
=691  \\$a31
=700  1\$aĐỗ, Thị Tuyết$eHướng dẫn
=942  \\$cKLDA
=952  \\$00$10$2ddc$40$6657_000000000000000_C1697N$70$9101$aLibM$bLibM$cM01$d2024-03-12$l0$o657 C1697N$p000003924$r2024-03-12 21:01:17$t1$w2024-03-12$yKLDA
=999  \\$c60$d60

