=LDR  00967nam a22002657a 4500
=001  11669
=005  20240327134718.0
=008  191122s2019\\\\\\\\\\\\\\\\\\\\\\\\vie\\
=040  \\$aLIB.UNETI$bvie$cLIB.UNETI$eAACR2
=041  0\$avie
=082  \\$a657$bN4994A
=100  1\$aNguyễn, Thị Mai Anh
=245  10$aHoàn thiện công tác kế toán bán hàng và xác định KQHĐKD tại Công Ty Cổ Phần đầu tư phát triển Vĩnh Cát /$cNguyễn Thị Mai Anh; Đỗ Thị Tuyết
=260  \\$a[k.đ.] :$b[k.n.x.b.],$c2019
=300  \\$a75 tr.
=300  \\$c30 cm
=653  \\$aHoàn thiện
=653  \\$aKế toán bán hàng
=653  \\$aXác định kết quả kinh doanh
=690  \\$a2
=691  \\$a31
=700  1\$aĐỗ, Thị Tuyết$eHướng dẫn
=942  \\$cKLDA
=952  \\$00$10$2ddc$40$6657_000000000000000_N4994A$70$9102$aLibM$bLibM$cM01$d2024-03-12$l0$o657 N4994A$p000003923$r2024-03-12 21:01:17$t1$w2024-03-12$yKLDA
=999  \\$c61$d61

