=LDR  00872nam a22002657a 4500
=001  11671
=005  20240327134718.0
=008  191122s2019\\\\\\\\\\\\\\\\\\\\\\\\vie\\
=040  \\$aLIB.UNETI$bvie$cLIB.UNETI$eAACR2
=041  0\$avie
=082  \\$a657$bD18D
=100  1\$aĐàm, Thùy Dung
=245  10$aKế toán lập báo cáo tài chính tại Công Ty TNHH kinh doanh đồ uống Huy Phong /$cĐàm Thùy Dung; Trần Bích Nga
=260  \\$a[k.đ.] :$b[k.n.x.b.],$c2019
=300  \\$a80 tr.
=300  \\$c30 cm
=653  \\$aBáo cáo tài chính
=653  \\$aHuy Phong
=653  \\$aKế toán
=690  \\$a2
=691  \\$a31
=700  1\$aTrần, Bích Nga$eHướng dẫn
=942  \\$cKLDA
=952  \\$00$10$2ddc$40$6657_000000000000000_D18D$70$9103$aLibM$bLibM$cM01$d2024-03-12$l0$o657 D18D$p000003922$r2024-03-12 21:01:17$t1$w2024-03-12$yKLDA
=999  \\$c62$d62

