=LDR  00969nam a22002777a 4500
=001  11672
=005  20240327134718.0
=008  191122s2019\\\\\\\\\\\\\\\\\\\\\\\\vie\\
=040  \\$aLIB.UNETI$bvie$cLIB.UNETI$eAACR2
=041  0\$avie
=082  \\$a537$bN4994L
=100  1\$aNguyễn, Thị Hằng Linh
=245  10$aNghiên cứu mô hình điều khiển vị trí động cơ bước ứng dụng trong máy CNC MiNi /$cNguyễn Thị Hằng Linh; Nguyễn Đức Dương
=260  \\$a[k.đ.] :$b[k.n.x.b.],$c2019
=300  \\$a68 tr.
=300  \\$c30 cm
=653  \\$aCNC MiNi
=653  \\$aĐiều khiển động cơ
=653  \\$aNghiên cứu mô hình
=653  \\$aỨng dụng
=690  \\$a7
=691  \\$a25
=700  1\$aNguyễn, Đức Dương$eHướng dẫn
=942  \\$cKLDA
=952  \\$00$10$2ddc$40$6537_000000000000000_N4994L$70$9104$aLibL$bLibL$cL01$d2024-03-12$l0$o537 N4994L$p000020695$r2024-03-12 21:01:17$t1$w2024-03-12$yKLDA
=999  \\$c63$d63

