=LDR  00948nam a22002657a 4500
=001  11674
=005  20240327134718.0
=008  191122s2019\\\\\\\\\\\\\\\\\\\\\\\\vie\\
=040  \\$aLIB.UNETI$bvie$cLIB.UNETI$eAACR2
=041  0\$avie
=082  \\$a657$bB8681T
=100  1\$aBùi, Thị Thảo
=245  10$aKế toán tổng hợp chi phí sản xuất và tính giá thành sản phẩm tại Công Ty Cổ Phần Cơ Điện 3D /$cBùi Thị Thảo; Đinh Thị Kim Xuyến
=260  \\$a[k.đ.] :$b[k.n.x.b.],$c2019
=300  \\$a74 tr.
=300  \\$c30 cm
=653  \\$aChi phí sản xuất
=653  \\$aCơ Điện 3D
=653  \\$aTính giá thành
=690  \\$a2
=691  \\$a31
=700  1\$aĐinh, Thị Kim Xuyến$eHướng dẫn
=942  \\$cKLDA
=952  \\$00$10$2ddc$40$6657_000000000000000_B8681T$70$9105$aLibM$bLibM$cM01$d2024-03-12$l2$o657 B8681T$p000003921$r2024-03-12 21:01:17$s2021-01-08$t1$w2024-03-12$yKLDA
=999  \\$c64$d64

