=LDR  00949nam a22002657a 4500
=001  11676
=005  20240327134718.0
=008  191122s\\\\\\\\\\\\\\\\\\\\\\\\\\\\vie\\
=040  \\$aLIB.UNETI$bvie$cLIB.UNETI$eAACR2
=041  0\$avie
=082  \\$a657$bN4994T
=100  1\$aNguyễn, Thị Tâm
=245  10$aKế toán tập hợp chi phí sản xuất và tính giá thành sản phẩm tại Công Ty Cổ Phần Giầy Ngọc Hà /$cNguyễn Thị Tâm; Nguyễn Thị Thanh Hương
=260  \\$a[k.đ.] :$b[k.n.x.b.]
=260  \\$c2019
=300  \\$a77 tr. ;$c27 cm
=653  \\$aChi phí sản xuất
=653  \\$akế toán
=653  \\$aTính giá thành
=690  \\$a2
=691  \\$a31
=700  1\$aNguyễn, Thị Thanh Hương$eHướng dẫn
=942  \\$cKLDA
=952  \\$00$10$2ddc$40$6657_000000000000000_N4994T$70$9106$aLibM$bLibM$cM01$d2024-03-12$l0$o657 N4994T$p000003934$r2024-03-12 21:01:17$t1$w2024-03-12$yKLDA
=999  \\$c65$d65

