=LDR  00984nam a22002777a 4500
=001  11679
=005  20240327134718.0
=008  191122s2019\\\\\\\\\\\\\\\\\\\\\\\\vie\\
=040  \\$aLIB.UNETI$bvie$cLIB.UNETI$eAACR2
=041  0\$avie
=082  \\$a537$bT685Th
=100  1\$aTrần, Văn Thắng
=245  10$aNghiên cứu thiết kế hệ truyền động điều khiển động cơ không đồng bộ 3 pha trong hệ thống băng tải /$cTrần Văn Thắng; Võ Thu Hà
=260  \\$a[k.đ.] :$b[k.n.x.b.],$c2019
=300  \\$a62 tr.
=300  \\$c30 cm
=653  \\$a3 pha
=653  \\$aĐộng cơ không đồng bộ
=653  \\$aThiết kế
=653  \\$aTruyền động điều khiển
=690  \\$a7
=691  \\$a24
=700  1\$aVõ, Thu Hà$eHướng dẫn
=942  \\$cKLDA
=952  \\$00$10$2ddc$40$6537_000000000000000_T685TH$70$9107$aLibL$bLibL$cL01$d2024-03-12$l1$o537 T685Th$p000020696$r2024-03-12 21:01:17$s2021-01-28$t1$w2024-03-12$yKLDA
=999  \\$c66$d66

