=LDR  00968nam a22002657a 4500
=001  11680
=005  20240327134718.0
=008  191122s\\\\\\\\\\\\\\\\\\\\\\\\\\\\vie\\
=040  \\$aLIB.UNETI$bvie$cLIB.UNETI$eAACR2
=041  0\$avie
=082  \\$a657$bN4994L
=100  1\$aNguyễn, Thị Luyến
=245  10$aKế toán bán hàng và xác định kết quả kinh doanh tại công ty Cổ Phần Thương Mai và Dịch Vụ Hưng Phát Bắc Ninh /$cNguyễn Thị Luyến; Phạm Thị Thùy Vân
=260  \\$a[k.đ.] :$b[k.n.x.b.]
=260  \\$c2019
=300  \\$a80 tr. ;$c27 cm
=653  \\$aKế toán bán hàng
=653  \\$aKết quả kinh doanh
=653  \\$aXác định
=690  \\$a2
=691  \\$a31
=700  1\$aPhạm, Thị Thùy Vân$eHướng dẫn
=942  \\$cKLDA
=952  \\$00$10$2ddc$40$6657_000000000000000_N4994L$70$9108$aLibM$bLibM$cM01$d2024-03-12$l0$o657 N4994L$p000003936$r2024-03-12 21:01:17$t1$w2024-03-12$yKLDA
=999  \\$c67$d67

