=LDR  00929nam a22002657a 4500
=001  11681
=005  20240327134718.0
=008  191122s\\\\\\\\\\\\\\\\\\\\\\\\\\\\vie\\
=040  \\$aLIB.UNETI$bvie$cLIB.UNETI$eAACR2
=041  0\$avie
=082  \\$a657$bT685H
=100  1\$aTrần, Thị Vân Hà
=245  10$aKế toán bán hàng và xác định kết quả kinh doanh tại Công Ty TNHH Thiết bị Y tế Nam Hưng /$cTrần Thị Vân Hà; Đỗ Thị Thanh Tâm
=260  \\$a[k.đ.] :$b[k.n.x.b.]
=260  \\$c2019
=300  \\$a75 tr. ;$c27 cm
=653  \\$aKế toán bán hàng
=653  \\$aKết quả kinh doanh
=653  \\$aNam Hưng
=690  \\$a2
=691  \\$a31
=700  1\$aĐỗ, Thị Thanh Tâm$eHướng dẫn
=942  \\$cKLDA
=952  \\$00$10$2ddc$40$6657_000000000000000_T685H$70$9109$aLibM$bLibM$cM01$d2024-03-12$l0$o657 T685H$p000003935$r2024-03-12 21:01:17$t1$w2024-03-12$yKLDA
=999  \\$c68$d68

