=LDR  00910nam a22002537a 4500
=001  11682
=005  20240327134718.0
=008  191122s2019\\\\\\\\\\\\\\\\\\\\\\\\vie\\
=040  \\$aLIB.UNETI$bvie$cLIB.UNETI$eAACR2
=041  0\$avie
=082  \\$a657$bT685L
=100  1\$aTrần, Thị Khánh Ly
=245  10$aKế toán vốn bằng tiền tại Công Ty TNHH Thương Mại và Vận Tải Nguyễn Mạnh Dũng /$cTrần Thị Khánh Ly; Phạm Thị Hồng Thắm
=260  \\$a[k.đ.] :$b[k.n.x.b.],$c2019
=300  \\$a78 tr.
=300  \\$c30 cm
=653  \\$aKế toán
=653  \\$aKế toán vốn bằng tiền
=690  \\$a2
=691  \\$a31
=700  1\$aPhạm, Thị Hồng Thắm$eNgười hướng dẫn
=942  \\$cKLDA
=952  \\$00$10$2ddc$40$6657_000000000000000_T685L$70$9110$aLibM$bLibM$cM01$d2024-03-12$l0$o657 T685L$p000004016$r2024-03-12 21:01:17$t1$w2024-03-12$yKLDA
=999  \\$c69$d69

