=LDR  01012nam a22002777a 4500
=001  11683
=005  20240327134719.0
=008  191122s2019\\\\\\\\\\\\\\\\\\\\\\\\vie\\
=040  \\$aLIB.UNETI$bvie$cLIB.UNETI$eAACR2
=041  0\$avie
=082  \\$a537$bN4994Tr
=100  1\$aNguyễn, Quang Trang
=245  10$aNghiên cứu thiết kế hệ thống phân loại sản phẩm cho dây chuyền sản xuất mì ăn liền sử dụng vi điều khiển ATMEGA 328P /$cNguyễn Quang Trang; Phạm Ngọc Sâm
=260  \\$a[k.đ.] :$b[k.n.x.b.],$c2019
=300  \\$a66 tr.
=300  \\$c30 cm
=653  \\$aATMEGA 328P
=653  \\$aDây chuyền sản xuất
=653  \\$aHệ thống phân loại
=653  \\$aVi điều khiển
=690  \\$a7
=691  \\$a24
=700  1\$aPhạm, Ngọc Sâm$eHướng dẫn
=942  \\$cKLDA
=952  \\$00$10$2ddc$40$6537_000000000000000_N4994TR$70$9111$aLibL$bLibL$cL01$d2024-03-12$l0$o537 N4994Tr$p000020697$r2024-03-12 21:01:17$t1$w2024-03-12$yKLDA
=999  \\$c70$d70

