=LDR  00982nam a22002657a 4500
=001  11684
=005  20240327134719.0
=008  191122s2019\\\\\\\\\\\\\\\\\\\\\\\\vie\\
=040  \\$aLIB.UNETI$bvie$cLIB.UNETI$eAACR2
=041  0\$avie
=082  \\$a657$bL46H
=100  1\$aLê, Thị Hà
=245  10$aKế toán tập hợp chi phí sản xuất và tính giá thành sản phẩm tại Công Ty Cổ Phần Xây Dựng và Đầu Tư Thương Mại Phú Thái /$cLê Thị Hà; Phạm Thị Hồng Thắm
=260  \\$a[k.đ.] :$b[k.n.x.b.],$c2019
=300  \\$a80 tr.
=300  \\$c27 cm
=653  \\$aChi phí sản xuất
=653  \\$aKế toán tập hợp
=653  \\$aTính giá thành
=690  \\$a2
=691  \\$a31
=700  1\$aPhạm, Thị Hồng Thắm$eNgười hướng dẫn
=942  \\$cKLDA
=952  \\$00$10$2ddc$40$6657_000000000000000_L46H$70$9112$aLibM$bLibM$cM01$d2024-03-12$l0$o657 L46H$p000004015$r2024-03-12 21:01:17$t1$w2024-03-12$yKLDA
=999  \\$c71$d71

