=LDR  00856nam a22002537a 4500
=001  11685
=005  20240327134719.0
=008  191122s2019\\\\\\\\\\\\\\\\\\\\\\\\vie\\
=040  \\$aLIB.UNETI$bvie$cLIB.UNETI$eAACR2
=041  0\$avie
=082  \\$a537$bL46A
=100  1\$aLê, Văn Anh
=245  10$aThiết kế hệ thống điều khiển khoan tự động sử dụng PLC S7 -200 /$cLê Văn Anh; Roãn Văn Hóa
=260  \\$a[k.đ.] :$b[k.n.x.b.],$c2019
=300  \\$a79 tr. ;$c30 cm
=653  \\$akhoan tự động
=653  \\$aPLC S7 - 200
=653  \\$aThiết kế hệ thống
=690  \\$a7
=691  \\$a24
=700  1\$aRoãn, Văn Hóa$eHướng dẫn
=942  \\$cKLDA
=952  \\$00$10$2ddc$40$6537_000000000000000_L46A$70$9113$aLibL$bLibL$cL01$d2024-03-12$l0$o537 L46A$p000020686$r2024-03-12 21:01:17$t1$w2024-03-12$yKLDA
=999  \\$c72$d72

