=LDR  01015nam a22002657a 4500
=001  11686
=005  20240327134719.0
=008  191122s\\\\\\\\\\\\\\\\\\\\\\\\\\\\vie\\
=040  \\$aLIB.UNETI$bvie$cLIB.UNETI$eAACR2
=041  0\$avie
=082  \\$a657$bN4994M
=100  1\$aNguyễn, Thị Mỹ
=245  10$aKế toán thuế giá trị gia tăng và lập hồ sơ khai báo thuế giá trị gia tăng tại Công Ty Cổ Phần Đầu Tư Thương mại và Xây Dựng công trình Việt /$cNguyễn Thị Mỹ; Lê Minh Thanh
=260  \\$a[k.đ.] :$b[k.n.x.b.]
=260  \\$c2019
=300  \\$a78 tr. ;$c27 cm
=653  \\$aHồ sơ khai báo thuế
=653  \\$aKế toán thuế
=653  \\$aThuế giá trị gia tăng
=690  \\$a2
=691  \\$a31
=700  1\$aLê, Minh Thành$eHướng dẫn
=942  \\$cKLDA
=952  \\$00$10$2ddc$40$6657_000000000000000_N4994M$70$9114$aLibM$bLibM$cM01$d2024-03-12$l2$o657 N4994M$p000003932$r2024-03-12 21:01:17$s2021-02-25$t1$w2024-03-12$yKLDA
=999  \\$c73$d73

