=LDR  00959nam a22002657a 4500
=001  11688
=005  20240327134719.0
=008  191122s\\\\\\\\\\\\\\\\\\\\\\\\\\\\vie\\
=040  \\$aLIB.UNETI$bvie$cLIB.UNETI$eAACR2
=041  0\$avie
=082  \\$a657$bN4994H
=100  1\$aNguyễn, Thị Hiền
=245  10$aKế toán thuế giá trị gia tăng và lập hồ sơ khai báo thuế giá trị gia tăng tại Công Ty TNHH Giấy Vở Long Thành /$cNguyễn Thị Hiền; Lê Minh Thành
=260  \\$a[k.đ.] :$b[k.n.x.b.]
=260  \\$c2019
=300  \\$a79 tr. ;$c27 cm
=653  \\$aHồ sơ khai báo thuế
=653  \\$aKế toán thuế
=653  \\$aThuế GTGT
=690  \\$a2
=691  \\$a31
=700  1\$aLê, Minh Thành$eHướng dẫn
=942  \\$cKLDA
=952  \\$00$10$2ddc$40$6657_000000000000000_N4994H$70$9115$aLibM$bLibM$cM01$d2024-03-12$l1$o657 N4994H$p000003931$r2024-03-12 21:01:17$s2021-01-28$t1$w2024-03-12$yKLDA
=999  \\$c74$d74

