=LDR  01034nam a22002777a 4500
=001  11690
=005  20240327134719.0
=008  191122s2019\\\\\\\\\\\\\\\\\\\\\\\\vie\\
=040  \\$aLIB.UNETI$bvie$cLIB.UNETI$eAACR2
=041  0\$avie
=082  \\$a537$bV97L
=100  1\$aVũ, Văn Lực
=245  10$aNghiên cứu xây dựng mô hình điều khiển và giám sát tốc độ băng tải sử dụng PLC S7 - 1200 , Ứng dụng trong trạm phân lọa sản phẩm /$cVũ Văn Lực; Nguyễn Hải Bình
=260  \\$a[k.đ.] :$b[k.n.x.b.],$c2019
=300  \\$a65 tr.
=300  \\$c30 cm
=653  \\$aGiám sát tốc độ băng tải
=653  \\$aMô hình điều khiển
=653  \\$aPLC S7 - 1200
=653  \\$aTrạm phân loại sản phẩm
=690  \\$a7
=691  \\$a24
=700  1\$aNguyễn, Hải Bình$eHướng dẫn
=942  \\$cKLDA
=952  \\$00$10$2ddc$40$6537_000000000000000_V97L$70$9116$aLibL$bLibL$cL01$d2024-03-12$l0$o537 V97L$p000020681$r2024-03-12 21:01:17$t1$w2024-03-12$yKLDA
=999  \\$c75$d75

