=LDR  01078nam a22002777a 4500
=001  11692
=005  20240327134719.0
=008  191122s\\\\\\\\\\\\\\\\\\\\\\\\\\\\vie\\
=040  \\$aLIB.UNETI$bvie$cLIB.UNETI$eAACR2
=041  0\$avie
=082  \\$a657$bN4994L
=100  1\$aNguyễn, Thị Linh
=245  10$aKế toán tài sản cố định tại Công Ty TNHH Thương Mại Tân Phát /$cNguyễn Thị Linh; Nguyễn Thị Ngọc Lan
=260  \\$a[k.đ.] :$b[k.n.x.b.]
=260  \\$c2019
=300  \\$a80 tr. ;$c27 cm
=653  \\$aKế toán
=653  \\$aTài sản cố đinh
=653  \\$aTân Phát
=690  \\$a2
=691  \\$a31
=700  1\$aNguyễn, Thị Ngọc Lan$eHướng dẫn
=942  \\$cKLDA
=952  \\$00$10$2ddc$40$6657_000000000000000_N4994L$70$9117$aLibM$bLibM$cM01$d2024-03-12$l1$o657 N4994L$p000003933$r2024-03-12 21:01:17$s2021-04-07$t1$w2024-03-12$yKLDA
=952  \\$00$10$2ddc$40$6657_000000000000000_N4994L$70$9118$aLibM$bLibM$cM01$d2024-03-12$l1$o657 N4994L$p000003977$r2024-03-12 21:01:17$s2021-03-29$t2$w2024-03-12$yKLDA
=999  \\$c76$d76

