=LDR  00891nam a22002537a 4500
=001  11693
=005  20240327134719.0
=008  191122s2019\\\\\\\\\\\\\\\\\\\\\\\\vie\\
=040  \\$aLIB.UNETI$bvie$cLIB.UNETI$eAACR2
=041  0\$avie
=082  \\$a657$bT685M
=100  1\$aTrần, Thị Huyền My
=245  10$aKế toán lập báo cáo tài chính tại công ty TNHH Sophuco Việt Nam /$cTrần Thị Huyền My; Trần Bích Nga
=260  \\$a[k.đ.] :$b[k.n.x.b.],$c2019
=300  \\$a78 tr. ;$c27 cm
=653  \\$aBáo cáo tài chính
=653  \\$aKế toán
=653  \\$aSophuco Việt Nam
=690  \\$a2
=691  \\$a31
=700  1\$aTrần, Bích Nga$eNgười hướng dẫn
=942  \\$cKLDA
=952  \\$00$10$2ddc$40$6657_000000000000000_T685M$70$9119$aLibM$bLibM$cM01$d2024-03-12$l2$o657 T685M$p000003951$r2024-03-12 21:01:17$s2021-03-19$t1$w2024-03-12$yKLDA
=999  \\$c77$d77

