=LDR  00912nam a22002537a 4500
=001  11695
=005  20240327134719.0
=008  191122s2019\\\\\\\\\\\\\\\\\\\\\\\\vie\\
=040  \\$aLIB.UNETI$bvie$cLIB.UNETI$eAACR2
=041  0\$avie
=082  \\$a657$bT685S
=100  1\$aTrần, Thị Sen
=245  10$aKế toán công nợ phải thu công nợ phải trả tại công ty TNHH đầu tư và xây dựng An Phát /$cTrần Thị Sen; Trần Thanh Thủy
=260  \\$a[k.đ.] :$b[k.n.x.b.],$c2019
=300  \\$a78 tr. ;$c27 cm
=653  \\$aKế toán công nợ
=653  \\$aPhải thu
=653  \\$aPhải trả
=690  \\$a2
=691  \\$a31
=700  1\$aTrần, Thanh Thủy$eNgười hướng dẫn
=942  \\$cKLDA
=952  \\$00$10$2ddc$40$6657_000000000000000_T685S$70$9120$aLibM$bLibM$cM01$d2024-03-12$l1$o657 T685S$p000003950$r2024-03-12 21:01:17$s2021-04-15$t1$w2024-03-12$yKLDA
=999  \\$c78$d78

