=LDR  00971nam a22002657a 4500
=001  11696
=005  20240327134719.0
=008  191122s2019\\\\\\\\\\\\\\\\\\\\\\\\vie\\
=040  \\$aLIB.UNETI$bvie$cLIB.UNETI$eAACR2
=041  0\$avie
=082  \\$a537$bH11NTr
=100  1\$aNguyễn, Thị Trang
=245  10$aThiết kế mô hình thực hành mạng truyền thông PROFIBUS - DP cho xưởng thực hành PLC Nam Định /$cNguyễn Thị Trang, Nguyễn Minh Đông
=260  \\$a[k.đ.] :$b[k.n.x.b.],$c2019
=300  \\$a53 tr. ;$c30 cm
=653  \\$aMạng truyền thông
=653  \\$aPROFIBUS - DP
=653  \\$aThiết kế mô hình
=653  \\$aXưởng thực hành Nam Định
=690  \\$a7
=691  \\$a24
=700  1\$aNguyễn, Minh Đồng$eHướng dẫn
=942  \\$cKLDA
=952  \\$00$10$2ddc$40$6537_000000000000000_H11NTR$70$9121$aLibL$bLibL$cL01$d2024-03-12$l0$o537 H11NTr$p000020683$r2024-03-12 21:01:17$t1$w2024-03-12$yKLDA
=999  \\$c79$d79

