=LDR  00933nam a22002777a 4500
=001  11699
=005  20240327134719.0
=008  191122s2019\\\\\\\\\\\\\\\\\\\\\\\\vie\\
=040  \\$aLIB.UNETI$bvie$cLIB.UNETI$eAACR2
=041  0\$avie
=082  \\$a537$bL46V
=100  1\$aLê, Văn Vinh
=245  10$aThiết kế hệ thống tưới nước tự động ứng dụng trong sản xuất rau sạch /$cLê Văn Vinh; Nguyễn Thị Thành
=260  \\$a[k.đ.] :$b[k.n.x.b.],$c2019
=300  \\$a66 tr.
=300  \\$c30 cm
=653  \\$aHệ thống tưới nước
=653  \\$aSản xuất rau sạch
=653  \\$aTự động
=653  \\$aỨng dụng
=690  \\$a7
=691  \\$a24
=700  1\$aNguyễn, Thị Thành$eHướng dẫn
=942  \\$cKLDA
=952  \\$00$10$2ddc$40$6537_000000000000000_L46V$70$9122$aLibL$bLibL$cL01$d2024-03-12$l0$o537 L46V$p000020654$r2024-03-12 21:01:17$t1$w2024-03-12$yKLDA
=999  \\$c80$d80

