=LDR  00924nam a22002537a 4500
=001  11705
=005  20240327134719.0
=008  191122s2019\\\\\\\\\\\\\\\\\\\\\\\\vie\\
=040  \\$aLIB.UNETI$bvie$cLIB.UNETI$eAACR2
=041  0\$avie
=082  \\$a657$bN4994T
=100  1\$aNguyễn, Công Tài
=245  10$aKế toán hàng hóa và tiêu thụ hàng hóa tại Công Ty TNHH Thương Mại và Dịch Vụ Mạnh Nguyễn /$cNguyễn Công Tài; Vũ Thị Thanh Tâm
=260  \\$a[k.đ.] :$b[k.n.x.b.],$c2019
=300  \\$a78 tr. ;$c27 cm
=653  \\$aKế toán
=653  \\$aKế toán hàng hóa
=653  \\$aTiêu thụ hàng hóa
=690  \\$a2
=691  \\$a31
=700  1\$aVũ, Thị Thanh Tâm$eNgười hướng dẫn
=942  \\$cKLDA
=952  \\$00$10$2ddc$40$6657_000000000000000_N4994T$70$9123$aLibM$bLibM$cM01$d2024-03-12$l0$o657 N4994T$p000003943$r2024-03-12 21:01:18$t1$w2024-03-12$yKLDA
=999  \\$c81$d81

