=LDR  00966nam a22002537a 4500
=001  11706
=005  20240327134719.0
=008  191122s2019\\\\\\\\\\\\\\\\\\\\\\\\vie\\
=040  \\$aLIB.UNETI$bvie$cLIB.UNETI$eAACR2
=041  0\$avie
=082  \\$a657$bN4993N
=100  1\$aNgô, Thị Minh Nguyệt
=245  10$aKế toán tập hợp chi phí sản xuất và tính giá thành sản phẩm tại chi nhánh Công Ty Cổ Phần Vinh Hưng tại Bắc Ninh /$cNgô Thị Minh Nguyệt; Đinh Thị Kim Xuyến
=260  \\$a[k.đ.] :$b[k.n.x.b.],$c2019
=300  \\$a69 tr. ;$c27 cm
=653  \\$aChi phí sản xuất
=653  \\$aTập hợp
=653  \\$aTính giá thành
=690  \\$a2
=691  \\$a31
=700  1\$aĐinh, Thị Kim Xuyến$eNgười hướng dẫn
=942  \\$cKLDA
=952  \\$00$10$2ddc$40$6657_000000000000000_N4993N$70$9124$aLibM$bLibM$cM01$d2024-03-12$l0$o657 N4993N$p000003942$r2024-03-12 21:01:18$t1$w2024-03-12$yKLDA
=999  \\$c82$d82

