=LDR  00877nam a22002537a 4500
=001  11707
=005  20240327134719.0
=008  191122s2019\\\\\\\\\\\\\\\\\\\\\\\\vie\\
=040  \\$aLIB.UNETI$bvie$cLIB.UNETI$eAACR2
=041  0\$avie
=082  \\$a657$bB4767A
=100  1\$aBiện, Thị Ngọc Anh
=245  10$aKế toán xác định kết quả kinh doanh tại Công Ty TNHH Anh Khiêm /$cBiện Thị Ngọc Anh; Lê Thị Như Quỳnh
=260  \\$a[k.đ.] :$b[k.n.x.b.],$c2019
=300  \\$a80 tr.
=300  \\$c30 cm
=653  \\$aKế toán
=653  \\$aXác định kết quả kinh doanh
=690  \\$a2
=691  \\$a31
=700  1\$aLê, Thị Như Quỳnh$eHướng dẫn
=942  \\$cKLDA
=952  \\$00$10$2ddc$40$6657_000000000000000_B4767A$70$9125$aLibM$bLibM$cM01$d2024-03-12$l0$o657 B4767A$p000003920$r2024-03-12 21:01:18$t1$w2024-03-12$yKLDA
=999  \\$c83$d83

