=LDR  00922nam a22002657a 4500
=001  11708
=005  20240327134719.0
=008  191122s2019\\\\\\\\\\\\\\\\\\\\\\\\vie\\
=040  \\$aLIB.UNETI$bvie$cLIB.UNETI$eAACR2
=041  0\$avie
=082  \\$a657$bT7364Q
=100  1\$aTrịnh, Như Quỳnh
=245  10$aKế toán công nợ phải thu và công nợ phải trả tại Công ty TNHH sản xuất và thương mại thép Việt Nga /$cTrịnh Như Quỳnh; Lê Thị Hòa
=260  \\$a[k.đ.] :$b[k.n.x.b.],$c2019
=300  \\$a80 tr.
=300  \\$c30 cm
=653  \\$aKế toán công nợ
=653  \\$aPhải thu
=653  \\$aPhải trả
=690  \\$a2
=691  \\$a31
=700  1\$aLê, Thị Hòa$eHướng dẫn
=942  \\$cKLDA
=952  \\$00$10$2ddc$40$6657_000000000000000_T7364Q$70$9126$aLibM$bLibM$cM01$d2024-03-12$l0$o657 T7364Q$p000003919$r2024-03-12 21:01:18$t1$w2024-03-12$yKLDA
=999  \\$c84$d84

