=LDR  00978nam a22002657a 4500
=001  11715
=005  20240327134719.0
=008  191122s\\\\\\\\\\\\\\\\\\\\\\\\\\\\vie\\
=040  \\$aLIB.UNETI$bvie$cLIB.UNETI$eAACR2
=041  0\$avie
=082  \\$a657$bN4994T
=100  1\$aNguyễn, Thị Thảo
=245  10$aKế toán quá trình mua hàng và công nợ phải trả trên phần mềm kế toán tại Công Ty Kỹ Thuật Hanco /$cNguyễn Thị Thảo; Nguyễn Thị Thu Hằng
=260  \\$a[k.đ.] :$b[k.n.x.b.]
=260  \\$c2019
=300  \\$a80 tr. ;$c27 cm
=653  \\$aCông nợ phải trả
=653  \\$aPhầm mềm kế toán
=653  \\$aQuá trình mua hàng
=690  \\$a2
=691  \\$a31
=700  1\$aNguyễn, Thị Thu Hằng$eHướng dẫn
=942  \\$cKLDA
=952  \\$00$10$2ddc$40$6657_000000000000000_N4994T$70$9127$aLibM$bLibM$cM01$d2024-03-12$l1$o657 N4994T$p000003937$r2024-03-12 21:01:18$s2021-03-24$t1$w2024-03-12$yKLDA
=999  \\$c85$d85

