=LDR  00946nam a22002657a 4500
=001  11717
=005  20240327134719.0
=008  191122s\\\\\\\\\\\\\\\\\\\\\\\\\\\\vie\\
=040  \\$aLIB.UNETI$bvie$cLIB.UNETI$eAACR2
=041  0\$avie
=082  \\$a657$bN4994H
=100  1\$aNguyễn, Thị Thu Huyền
=245  10$aKế toán nguyên vật liệu và công cụ dụng cụ tại Công Ty TNHH Xây Dựng và Đầu Tư Dương Châu /$cNguyễn Thị Thu Huyền; Nguyễn Thị Hoàn
=260  \\$a[k.đ.] :$b[k.n.x.b.]
=260  \\$c2019
=300  \\$a80 tr. ;$c27 cm
=653  \\$aCông cụ dụng cụ
=653  \\$aKế toán
=653  \\$aNguyên vật liệu
=690  \\$a2
=691  \\$a31
=700  1\$aNguyễn, Thị Hoàn$eHướng dẫn
=942  \\$cKLDA
=952  \\$00$10$2ddc$40$6657_000000000000000_N4994H$70$9128$aLibM$bLibM$cM01$d2024-03-12$l0$o657 N4994H$p000003990$r2024-03-12 21:01:18$t1$w2024-03-12$yKLDA
=999  \\$c86$d86

