=LDR  00897nam a22002537a 4500
=001  11722
=005  20240327134719.0
=008  191122s\\\\\\\\\\\\\\\\\\\\\\\\\\\\vie\\
=040  \\$aLIB.UNETI$bvie$cLIB.UNETI$eAACR2
=041  0\$avie
=082  \\$a657$bN4994A
=100  1\$aNguyễn, Thị Vân Anh
=245  10$aXác định kết quả kinh doanh tại Công Ty Cổ Phần Nhập Khẩu Đầu Tư Minh Anh /$cNguyễn Thị Vân Anh; Lê Thị Như Quỳnh
=260  \\$a[k.đ.] :$b[k.n.x.b.]
=260  \\$c2019
=300  \\$a80 tr. ;$c27 cm
=653  \\$aKế toán
=653  \\$aXác định kết quả kinh doanh
=690  \\$a2
=691  \\$a31
=700  1\$aLê, Thị Như Quỳnh$eHướng dẫn
=942  \\$cKLDA
=952  \\$00$10$2ddc$40$6657_000000000000000_N4994A$70$9129$aLibM$bLibM$cM01$d2024-03-12$l0$o657 N4994A$p000003988$r2024-03-12 21:01:18$t1$w2024-03-12$yKLDA
=999  \\$c87$d87

