=LDR  01112nam a22002777a 4500
=001  11724
=005  20240327134719.0
=008  191122s\\\\\\\\\\\\\\\\\\\\\\\\\\\\vie\\
=040  \\$aLIB.UNETI$bvie$cLIB.UNETI$eAACR2
=041  0\$avie
=082  \\$a657$bL46H
=100  1\$aLê, Thị Bích Hòa
=245  10$aKế toán thành phẩm, tiêu thụ thành phẩm, xác định kết quả tiêu thụ tại Công Ty TNHH Midway Metals Việt Nam /$cLê Thị Bích Hòa; Trần Thị Ngọc Hà
=260  \\$a[k.đ.] :$b[k.n.x.b.]
=260  \\$c2019
=300  \\$a76 tr. ;$c27 cm
=653  \\$aKế toán thành phẩm
=653  \\$aKết quả kinh doanh
=653  \\$aTiêu thụ
=690  \\$a2
=691  \\$a31
=700  1\$aTrần, Thị Ngọc Hà$eHướng dẫn
=942  \\$cKLDA
=952  \\$00$10$2ddc$40$6657_000000000000000_L46H$70$9130$aLibM$bLibM$cM01$d2024-03-12$l0$o657 L46H$p000003987$r2024-03-12 21:01:18$t1$w2024-03-12$yKLDA
=952  \\$00$10$2ddc$40$6657_000000000000000_L46H$70$9131$aLibM$bLibM$cM01$d2024-03-12$l0$o657 L46H$p000003944$r2024-03-12 21:01:18$t2$w2024-03-12$yKLDA
=999  \\$c88$d88

