=LDR  00970nam a22002657a 4500
=001  11726
=005  20240327134719.0
=008  191122s\\\\\\\\\\\\\\\\\\\\\\\\\\\\vie\\
=040  \\$aLIB.UNETI$bvie$cLIB.UNETI$eAACR2
=041  0\$avie
=082  \\$a657$bN4994D
=100  1\$aNguyễn, Thị Duyên
=245  10$aKế toán tiền lương và các khoản trích theo lương tại Công Ty TNHH Gương Kính Hưng Long /$cNguyễn Thị Duyên; Trần Thị Ngọc Thúy
=260  \\$a[k.đ.] :$b[k.n.x.b.]
=260  \\$c2019
=300  \\$a80 tr. ;$c27 cm
=653  \\$aGương Kính Hưng Long
=653  \\$aKế toán tiền lương
=653  \\$aKhoản trích theo lương
=690  \\$a2
=691  \\$a31
=700  1\$aTrần, Thị Ngọc Thúy$eHướng dẫn
=942  \\$cKLDA
=952  \\$00$10$2ddc$40$6657_000000000000000_N4994D$70$9132$aLibM$bLibM$cM01$d2024-03-12$l1$o657 N4994D$p000003986$r2024-03-12 21:01:18$s2021-03-18$t1$w2024-03-12$yKLDA
=999  \\$c89$d89

