=LDR  00877nam a22002537a 4500
=001  11727
=005  20240327134719.0
=008  191122s2019\\\\\\\\\\\\\\\\\\\\\\\\vie\\
=040  \\$aLIB.UNETI$bvie$cLIB.UNETI$eAACR2
=041  0\$avie
=082  \\$a657$bL46D
=100  1\$aLê, Thị Dung
=245  10$aKế toán hàng hóa và tiêu thu hàng hóa tại Công Ty Cổ Phần Nghệ Hợp Long /$cLê Thị Dung, Mai Thị Sen
=260  \\$a[k.đ.] :$b[k.n.x.b.],$c2019
=300  \\$a79 tr. ;$c30 cm
=653  \\$aKế toán hàng hóa
=653  \\$aNghệ Hợp Long
=653  \\$aTiêu thụ hàng hóa
=690  \\$a2
=691  \\$a31
=700  1\$aMai, Thị Sen$eNgười hướng dẫn
=942  \\$cKLDA
=952  \\$00$10$2ddc$40$6657_000000000000000_L46D$70$9133$aLibM$bLibM$cM01$d2024-03-12$l0$o657 L46D$p000004013$r2024-03-12 21:01:18$t1$w2024-03-12$yKLDA
=999  \\$c90$d90

