=LDR  00895nam a22002537a 4500
=001  11728
=005  20240327134719.0
=008  191122s2019\\\\\\\\\\\\\\\\\\\\\\\\vie\\
=040  \\$aLIB.UNETI$bvie$cLIB.UNETI$eAACR2
=041  0\$avie
=082  \\$a332$bL9789N
=100  1\$aLưu, Ánh Ngọc
=245  10$aPhân tích cấu trúc tài chính và cân bằng tài chính tại công ty cổ phần lilama7 /$cLưu Ánh Ngọc; Đường Thị Thanh Hải
=260  \\$a[k.đ.] :$b[k.n.x.b.],$c2019
=300  \\$a86 tr.
=300  \\$c30 cm
=653  \\$aCân bằng tài chính
=653  \\$aCấu trúc tài chính
=690  \\$a4
=691  \\$a41
=700  1\$aĐường, Thị Thanh Hải$eHướng dẫn
=942  \\$cKLDA
=952  \\$00$10$2ddc$40$6332_000000000000000_L9789N$70$9134$aLibL$bLibL$cL01$d2024-03-12$l0$o332 L9789N$p000003899$r2024-03-12 21:01:18$t1$w2024-03-12$yKLDA
=999  \\$c91$d91

