=LDR  00920nam a22002657a 4500
=001  11729
=005  20240327134719.0
=008  191122s\\\\\\\\\\\\\\\\\\\\\\\\\\\\vie\\
=040  \\$aLIB.UNETI$bvie$cLIB.UNETI$eAACR2
=041  0\$avie
=082  \\$a657$bH6508T
=100  1\$aHoàng, Linh Trang
=245  10$aKế toán công nợ phải thu và công nợi phải trả tại Công Ty Cổ Phần Vận Tải 882 /$cHoàng Linh Trang; Nguyễn Thanh Huyền
=260  \\$a[k.đ.] :$b[k.n.x.b.]
=260  \\$c2019
=300  \\$a73 tr. ;$c30 cm
=653  \\$aKế toán công nợ
=653  \\$aPhải thu
=653  \\$aPhải trả
=690  \\$a2
=691  \\$a31
=700  1\$aNguyễn, Thanh Huyền$eHướng dẫn
=942  \\$cKLDA
=952  \\$00$10$2ddc$40$6657_000000000000000_H6508T$70$9135$aLibM$bLibM$cM01$d2024-03-12$l1$o657 H6508T$p000003930$r2024-03-12 21:01:18$s2021-03-23$t1$w2024-03-12$yKLDA
=999  \\$c92$d92

