=LDR  00913nam a22002657a 4500
=001  11730
=005  20240327134719.0
=008  191122s2019\\\\\\\\\\\\\\\\\\\\\\\\vie\\
=040  \\$aLIB.UNETI$bvie$cLIB.UNETI$eAACR2
=041  0\$avie
=082  \\$a332$bM28Y
=100  1\$aMai, Thị Bảo Yến
=245  10$aNâng cao hiệu quả sử dụng vốn kinh doanh tại công ty cổ phần giấy việt trì /$cMai Thị Bảo Yến; Lý Thị Thúy
=260  \\$a[k.đ.] :$b[k.n.x.b.],$c2019
=300  \\$a81 tr.
=300  \\$c30 cm
=653  \\$aGiấy Việt Trì
=653  \\$aNâng cao hiệu quả
=653  \\$aSử dụng vốn kinh doanh
=690  \\$a4
=691  \\$a41
=700  1\$aLý, Thị Thúy$eHướng dẫn
=942  \\$cKLDA
=952  \\$00$10$2ddc$40$6332_000000000000000_M28Y$70$9136$aLibL$bLibL$cL01$d2024-03-12$l0$o332 M28Y$p000003898$r2024-03-12 21:01:18$t1$w2024-03-12$yKLDA
=999  \\$c93$d93

