=LDR  00880nam a22002657a 4500
=001  11733
=005  20240327134719.0
=008  191122s2019\\\\\\\\\\\\\\\\\\\\\\\\vie\\
=040  \\$aLIB.UNETI$bvie$cLIB.UNETI$eAACR2
=041  0\$avie
=082  \\$a332$bD212H
=100  1\$aĐặng, Thị Huế
=245  10$aPhân tích tình hình tài chính tại công ty cổ phần xây dựng sông Hồng /$cĐặng Thị Huế; Vũ Thị Thục Oanh
=260  \\$a[k.đ.] :$b[k.n.x.b.],$c2019
=300  \\$a64 tr.
=300  \\$c30 cm
=653  \\$aPhân tích
=653  \\$aSông Hồng
=653  \\$aTài chính
=690  \\$a4
=691  \\$a41
=700  1\$aVũ, Thị Thục Oanh$eHướng dẫn
=942  \\$cKLDA
=952  \\$00$10$2ddc$40$6332_000000000000000_D212H$70$9137$aLibL$bLibL$cL01$d2024-03-12$l0$o332 D212H$p000003897$r2024-03-12 21:01:18$t1$w2024-03-12$yKLDA
=999  \\$c94$d94

