=LDR  00876nam a22002657a 4500
=001  11734
=005  20240327134719.0
=008  191122s\\\\\\\\\\\\\\\\\\\\\\\\\\\\vie\\
=040  \\$aLIB.UNETI$bvie$cLIB.UNETI$eAACR2
=041  0\$avie
=082  \\$a657$bB8681M
=100  1\$aBùi, Thị May
=245  10$aKế toán vốn bằng tiền tại công ty Cổ Phần Quốc Tế Hưng Đại Phát /$cBùi Thị May; Ngô Thị Trà
=260  \\$a[k.đ.] :$b[k.n.x.b.]
=260  \\$c2019
=300  \\$a90 tr. ;$c27 cm
=653  \\$aHưng Đại Phát
=653  \\$aKế toán
=653  \\$aVốn bằng tiền
=690  \\$a2
=691  \\$a31
=700  1\$aNgô, Thị Trà$eHướng dẫn
=942  \\$cKLDA
=952  \\$00$10$2ddc$40$6657_000000000000000_B8681M$70$9138$aLibM$bLibM$cM01$d2024-03-12$l0$o657 B8681M$p000003927$r2024-03-12 21:01:18$t1$w2024-03-12$yKLDA
=999  \\$c95$d95

