=LDR  00879nam a22002537a 4500
=001  11735
=005  20240327134719.0
=008  191122s2019\\\\\\\\\\\\\\\\\\\\\\\\vie\\
=040  \\$aLIB.UNETI$bvie$cLIB.UNETI$eAACR2
=041  0\$avie
=082  \\$a537$bL46Đ
=100  1\$aLê, Cao Đức
=245  10$aNghiên cứu cải tiến mô hình thực hành FMS trạm phân phối vật gia công sử dụng PLC S7 -200 /$cLê Cao Đức; Phạm Văn Huy
=260  \\$a[k.đ.] :$b[k.n.x.b.],$c2019
=300  \\$a74 tr. ;$c30 cm
=653  \\$aCải tiến mô hình
=653  \\$aGia công
=653  \\$aPLC S7 -200
=690  \\$a7
=691  \\$a24
=700  1\$aPhạm, Văn Huy$eHướng dẫn
=942  \\$cKLDA
=952  \\$00$10$2ddc$40$6537_000000000000000_L46Đ$70$9139$aLibL$bLibL$cL01$d2024-03-12$l0$o537 L46Đ$p000020691$r2024-03-12 21:01:18$t1$w2024-03-12$yKLDA
=999  \\$c96$d96

