=LDR  00896nam a22002657a 4500
=001  11736
=005  20240327134719.0
=008  191122s2019\\\\\\\\\\\\\\\\\\\\\\\\vie\\
=040  \\$aLIB.UNETI$bvie$cLIB.UNETI$eAACR2
=041  0\$avie
=082  \\$a332$bP492T
=100  1\$aPhan, Văn Trường
=245  10$aPhân tích tình hình tài chính của công ty cổ phần đầu tư và phát triển /$cPhan Văn Trường; Vũ Thanh Hương
=260  \\$a[k.đ.] :$b[k.n.x.b.],$c2019
=300  \\$a69 tr.
=300  \\$c30 cm
=653  \\$aCông ty cổ phần
=653  \\$aPhân tích
=653  \\$aTình hình tài chính
=690  \\$a4
=691  \\$a41
=700  1\$aVũ, Thanh Hương$eHướng dẫn
=942  \\$cKLDA
=952  \\$00$10$2ddc$40$6332_000000000000000_P492T$70$9140$aLibL$bLibL$cL01$d2024-03-12$l0$o332 P492T$p000003896$r2024-03-12 21:01:18$t1$w2024-03-12$yKLDA
=999  \\$c97$d97

