=LDR  00981nam a22002657a 4500
=001  11737
=005  20240327134719.0
=008  191122s2019\\\\\\\\\\\\\\\\\\\\\\\\vie\\
=040  \\$aLIB.UNETI$bvie$cLIB.UNETI$eAACR2
=041  0\$avie
=082  \\$a332$bT773L
=100  1\$aTrương, Thị Lựu
=245  10$aPhân tích tình hình tài chính và đưa ra giải pháp nhằm nâng cao hiệu quả hoạt động kinh doanh tại công ty may xuất khẩu lý nhân /$cTrương Thị Lựu; Vũ Thành Long
=260  \\$a[k.đ.] :$b[k.n.x.b.],$c2019
=300  \\$a85 tr.
=300  \\$c30 cm
=653  \\$aGiải pháp
=653  \\$aHoạt động kinh doanh
=653  \\$aPhân tích tình hình tài chính
=690  \\$a4
=691  \\$a41
=700  1\$aVũ, Thành Long$eHướng dẫn
=942  \\$cKLDA
=952  \\$00$10$2ddc$40$6332_000000000000000_T773L$70$9141$aLibL$bLibL$cL01$d2024-03-12$l0$o332 T773L$p000003908$r2024-03-12 21:01:18$t1$w2024-03-12$yKLDA
=999  \\$c98$d98

