=LDR  00957nam a22002657a 4500
=001  11738
=005  20240327134719.0
=008  191122s2019\\\\\\\\\\\\\\\\\\\\\\\\vie\\
=040  \\$aLIB.UNETI$bvie$cLIB.UNETI$eAACR2
=041  0\$avie
=082  \\$a537$bN4994T
=100  1\$aNguyễn, Đức Tuấn
=245  10$aNghiên cứu cải tiến mô hình thực hành FMS trạm phân phối vật gia công sử dụng PLC S7-200 /$cNguyễn Đức Tuấn; Phạm Văn Huy
=260  \\$a[k.đ.] :$b[k.n.x.b.],$c2019
=300  \\$a57 tr. ;$c30 cm
=653  \\$aCải tiến mô hình
=653  \\$aPLC S7 - 200
=653  \\$aThực hành FMS
=653  \\$aTrạm phân phối vật gia công
=690  \\$a7
=691  \\$a24
=700  1\$aPhạm, Văn Huy$eHướng dẫn
=942  \\$cKLDA
=952  \\$00$10$2ddc$40$6537_000000000000000_N4994T$70$9142$aLibL$bLibL$cL01$d2024-03-12$l0$o537 N4994T$p000020692$r2024-03-12 21:01:18$t1$w2024-03-12$yKLDA
=999  \\$c99$d99

