=LDR  00915nam a22002657a 4500
=001  11739
=005  20240327134719.0
=008  191122s2019\\\\\\\\\\\\\\\\\\\\\\\\vie\\
=040  \\$aLIB.UNETI$bvie$cLIB.UNETI$eAACR2
=041  0\$avie
=082  \\$a332$bV97L
=100  1\$aVũ, Thị Liên
=245  10$aPhân tích cổ phiếu của các công ty niêm yết trên sàn giao dịch chứng khoán Hồ Chí Minh /$cVũ Thị Liên; Lê Hải Hà
=260  \\$a[k.đ.] :$b[k.n.x.b.],$c2019
=300  \\$a81 tr.
=300  \\$c30 cm
=653  \\$aGiao dịch chứng khoán
=653  \\$aNiêm yết trên sàn
=653  \\$aPhân tích cổ phiếu
=690  \\$a4
=691  \\$a10
=700  1\$aLê, Hải Hà$eHướng dẫn
=942  \\$cKLDA
=952  \\$00$10$2ddc$40$6332_000000000000000_V97L$70$9143$aLibL$bLibL$cL01$d2024-03-12$l0$o332 V97L$p000003907$r2024-03-12 21:01:18$t1$w2024-03-12$yKLDA
=999  \\$c100$d100

