=LDR  00897nam a22002657a 4500
=001  11740
=005  20240327134719.0
=008  191122s2019\\\\\\\\\\\\\\\\\\\\\\\\vie\\
=040  \\$aLIB.UNETI$bvie$cLIB.UNETI$eAACR2
=041  0\$avie
=082  \\$a332$bN4994P
=100  1\$aNguyễn, Thị Phương
=245  10$aNâng cao hiệu quả sử dụng vốn của công ty cổ phần vĩnh hoàn /$cNguyễn Thị Phương; Nguyễn Ngọc Anh
=260  \\$a[k.đ.] :$b[k.n.x.b.],$c2019
=300  \\$a57 tr.
=300  \\$c30 cm
=653  \\$aHiệu quả sử dụng vốn
=653  \\$aNâng cao
=653  \\$aVĩnh Hoàn
=690  \\$a4
=691  \\$a41
=700  1\$aNguyễn, Ngọc Anh$eHướng dẫn
=942  \\$cKLDA
=952  \\$00$10$2ddc$40$6332_000000000000000_N4994P$70$9144$aLibL$bLibL$cL01$d2024-03-12$l0$o332 N4994P$p000003906$r2024-03-12 21:01:19$t1$w2024-03-12$yKLDA
=999  \\$c101$d101

