=LDR  01072nam a22002777a 4500
=001  11741
=005  20240327134719.0
=008  191122s2019\\\\\\\\\\\\\\\\\\\\\\\\vie\\
=040  \\$aLIB.UNETI$bvie$cLIB.UNETI$eAACR2
=041  0\$avie
=082  \\$a537$bB8681L
=100  1\$aBùi, Thị Lành
=245  10$aNghiên cứu xây dựng mô hình điều khiển và giáp sát tốc độ băng tải, sử dụng PLC S7 -1200, ứng dụng trong trạm phân loại sản phẩm /$cBùi Thị Lành; Nguyễn Hải Bình
=260  \\$a[k.đ.] :$b[k.n.x.b.],$c2019
=300  \\$a83 tr. ;$c30 cm
=653  \\$aGiám sát tốc độ
=653  \\$aNghiên cứu
=653  \\$aPLC S7 - 1200
=653  \\$aTrạm phân loại sản phẩm
=653  \\$aXây dựng mô hình điều khiển
=690  \\$a7
=691  \\$a24
=700  1\$aNguyễn, Hải Bình$eNgười hướng dẫn
=942  \\$cKLDA
=952  \\$00$10$2ddc$40$6537_000000000000000_B8681L$70$9145$aLibL$bLibL$cL01$d2024-03-12$l0$o537 B8681L$p000020687$r2024-03-12 21:01:19$t1$w2024-03-12$yKLDA
=999  \\$c102$d102

