=LDR  00929nam a22002537a 4500
=001  11742
=005  20240327134719.0
=008  191122s2019\\\\\\\\\\\\\\\\\\\\\\\\vie\\
=040  \\$aLIB.UNETI$bvie$cLIB.UNETI$eAACR2
=041  0\$avie
=082  \\$a332$bV97T
=100  1\$aVũ, Thị Thương
=245  10$aPhân tích tình hình tài chính công ty cổ phần thương mại dịch vụ tràng thi /$cVũ Thị Thương; Nguyễn Ngọc Anh
=260  \\$a[k.đ.] :$b[k.n.x.b.],$c2019
=300  \\$a84 tr.
=653  \\$aCổ phần thương mại và dịch vụ Tràng Thi
=653  \\$aCông ty cổ phần
=653  \\$aTài chính
=690  \\$a4
=691  \\$a41
=700  1\$aNguyễn, Ngọc Anh$eNgười hướng dẫn
=942  \\$cKLDA
=952  \\$00$10$2ddc$40$6332_000000000000000_V97T$70$9146$aLibL$bLibL$cL01$d2024-03-12$l1$o332 V97T$p000003905$r2024-03-12 21:01:19$s2021-04-13$t1$w2024-03-12$yKLDA
=999  \\$c103$d103

