=LDR  00890nam a22002417a 4500
=001  11743
=005  20240327134720.0
=008  191122s2019\\\\\\\\\\\\\\\\\\\\\\\\vie\\
=040  \\$aLIB.UNETI$bvie$cLIB.UNETI$eAACR2
=041  0\$avie
=082  \\$a332$bV97A
=100  1\$aVũ, Ngọc Ánh
=245  10$aPhát triển hoạt động cho vay tiêu dùng tại ngân hàng thương mại cổ phần quân đội /$cVũ Ngọc Ánh; Nguyễn Thị Mai
=260  \\$a[k.đ.] :$b[k.n.x.b.],$c2019
=300  \\$a89 tr.
=653  \\$aCho vay tiêu dùng
=653  \\$aNgân hàng thương mại cổ phần quân đội
=690  \\$a4
=691  \\$a41
=700  1\$aNguyễn, Thị Mai$eNgười hướng dẫn
=942  \\$cKLDA
=952  \\$00$10$2ddc$40$6332_000000000000000_V97A$70$9147$aLibL$bLibL$cL01$d2024-03-12$l0$o332 V97A$p000003904$r2024-03-12 21:01:19$t1$w2024-03-12$yKLDA
=999  \\$c104$d104

