=LDR  00979nam a22002657a 4500
=001  11745
=005  20240327134720.0
=008  191122s2019\\\\\\\\\\\\\\\\\\\\\\\\vie\\
=040  \\$aLIB.UNETI$bvie$cLIB.UNETI$eAACR2
=041  0\$avie
=082  \\$a537$bH6508M
=100  1\$aHoàng, Xuân Mạnh
=245  10$aNghiên cứu thiết kế hệ truyền động điều khiển động cơ KĐB 3 pha trong hệ thống băng tải /$cHoàng Xuân Mạnh
=260  \\$a[k.đ.] :$b[k.n.x.b.],$c2019
=300  \\$a74 tr. ;$c30 cm
=653  \\$aĐộng cơ KĐB 3 pha
=653  \\$aHệ thống băng tải
=653  \\$aHệ truyền động điều khiển
=653  \\$aNghiên cứu, thiết kế
=690  \\$a7
=691  \\$a24
=700  1\$aĐinh, Thị Hằng$eNgười hướng dẫn
=942  \\$cKLDA
=952  \\$00$10$2ddc$40$6537_000000000000000_H6508M$70$9148$aLibL$bLibL$cL01$d2024-03-12$l0$o537 H6508M$p000020689$r2024-03-12 21:01:19$t1$w2024-03-12$yKLDA
=999  \\$c105$d105

