=LDR  00967nam a22002537a 4500
=001  11746
=005  20240327134720.0
=008  191122s2019\\\\\\\\\\\\\\\\\\\\\\\\vie\\
=040  \\$aLIB.UNETI$bvie$cLIB.UNETI$eAACR2
=041  0\$avie
=082  \\$a332$bL9736A
=100  1\$aLương, Thị Lan Anh
=245  10$aPhát triển dịch vụ ngân hàng điện tử tại ngân hàng thương mại cổ phần ngoại thương Việt Nam /$cLương Thị Lan Anh; Đỗ Mỹ Dung
=260  \\$a[k.đ.] :$b[k.n.x.b.],$c2019
=300  \\$a81 tr.
=653  \\$aDịch vụ ngân hàng điện tử
=653  \\$aNgân hàng thương mại cổ phần
=653  \\$aNgoại thương Việt Nam
=690  \\$a4
=691  \\$a41
=700  1\$aĐỗ, Mỹ Dung$eNgười hướng dẫn
=942  \\$cKLDA
=952  \\$00$10$2ddc$40$6332_000000000000000_L9736A$70$9149$aLibL$bLibL$cL01$d2024-03-12$l0$o332 L9736A$p000003910$r2024-03-12 21:01:19$t1$w2024-03-12$yKLDA
=999  \\$c106$d106

