=LDR  00897nam a22002417a 4500
=001  11747
=005  20240327134720.0
=008  191122s2019\\\\\\\\\\\\\\\\\\\\\\\\vie\\
=040  \\$aLIB.UNETI$bvie$cLIB.UNETI$eAACR2
=041  0\$avie
=082  \\$a537$bN4994H
=100  1\$aNguyễn, Thị Huyền
=245  10$aThiết kế hệ thống tưới nước tự động trong sản xuất rau sạch /$cNguyễn Thị Huyền; Nguyễn Thị Thành
=260  \\$a[k.đ.] :$b[k.n.x.b.],$c2019
=300  \\$a70 tr. ;$c30 cm
=653  \\$aHệ thống tưới nước tự động
=653  \\$aSản xuất rau sạch
=690  \\$a7
=691  \\$a24
=700  1\$aNguyễn, Thị Thành$eNgười hướng dẫn
=942  \\$cKLDA
=952  \\$00$10$2ddc$40$6537_000000000000000_N4994H$70$9150$aLibL$bLibL$cL01$d2024-03-12$l0$o537 N4994H$p000020690$r2024-03-12 21:01:19$t1$w2024-03-12$yKLDA
=999  \\$c107$d107

