=LDR  01008nam a22002657a 4500
=001  11748
=005  20240327134720.0
=008  191122s2019\\\\\\\\\\\\\\\\\\\\\\\\vie\\
=040  \\$aLIB.UNETI$bvie$cLIB.UNETI$eAACR2
=041  0\$avie
=082  \\$a537$bN4994T
=100  1\$aNguyễn, Thanh Tùng
=245  10$aNghiên cứu xây dựng mô hình mạng truyền thông profinet sử dụng PLC S7-1200 ứng dụng trong phòng thí nghiệm PLC /$cNguyễn Thanh Tùng; Hà Huy Giáp
=260  \\$a[k.đ.] :$b[k.n.x.b.],$c2019
=300  \\$a70 tr. ;$c30 cm
=653  \\$aĐiện, điện tử
=653  \\$aMô hình mạng truyền thông
=653  \\$aSử dụng PLC S7 -1200
=653  \\$aỨng dụng phòng thí nghiệm
=690  \\$a7
=691  \\$a24
=700  1\$aHà, Huy Giáp$eNgười hướng dẫn
=942  \\$cKLDA
=952  \\$00$10$2ddc$40$6537_000000000000000_N4994T$70$9151$aLibL$bLibL$cL01$d2024-03-12$l0$o537 N4994T$p000020679$r2024-03-12 21:01:19$t1$w2024-03-12$yKLDA
=999  \\$c108$d108

