=LDR  00924nam a22002657a 4500
=001  11749
=005  20240327134720.0
=008  191122s2019\\\\\\\\\\\\\\\\\\\\\\\\vie\\
=040  \\$aLIB.UNETI$bvie$cLIB.UNETI$eAACR2
=041  0\$avie
=082  \\$a332$bT685A
=100  1\$aTrần, Phương Anh
=245  10$aNâng cao hiệu quả sử dụng vốn lưu động tại công ty cổ phần khử trùng Việt Nam /$cTrần Phương Anh; Trần Đức Cân
=260  \\$c2019
=300  \\$a84 tr.
=653  \\$aCông ty cổ phần khử trùng
=653  \\$aHiệu quả sử dụng
=653  \\$aViệt Nam
=653  \\$aVốn lưu động
=690  \\$a4
=691  \\$a41
=700  1\$aTrần, Đức Cân$eNgười hướng dẫn
=942  \\$cKLDA
=952  \\$00$10$2ddc$40$6332_000000000000000_T685A$70$9152$aLibL$bLibL$cL01$d2024-03-12$l0$o332 T685A$p000003909$r2024-03-12 21:01:19$t1$w2024-03-12$yKLDA
=999  \\$c109$d109

