=LDR  00949nam a22002657a 4500
=001  11750
=005  20240327134720.0
=008  191122s2019\\\\\\\\\\\\\\\\\\\\\\\\vie\\
=040  \\$aLIB.UNETI$bvie$cLIB.UNETI$eAACR2
=041  0\$avie
=082  \\$a332$bH986A
=100  1\$aHuỳnh, Ngọc Minh Anh
=245  10$aPhát triển cho vay tiêu dùng tại ngân hàng TMCP công thương Việt Nam chi nhánh Tô Hiệu Hải Phòng /$cHuỳnh Ngọc Minh Anh; Trần Thanh Phúc
=260  \\$a[k.đ.] :$b[k.n.x.b.],$c2019
=300  \\$a83 tr.
=300  \\$c27 cm
=653  \\$aCho vay tiêu dùng
=653  \\$aNgân hàng TMCP công thương
=653  \\$aViệt Nam
=690  \\$a4
=691  \\$a41
=700  1\$aTrần, Thanh Phúc$eNgười hướng dẫn
=942  \\$cKLDA
=952  \\$00$10$2ddc$40$6332_000000000000000_H986A$70$9153$aLibL$bLibL$cL01$d2024-03-12$l0$o332 H986A$p000003917$r2024-03-12 21:01:19$t1$w2024-03-12$yKLDA
=999  \\$c110$d110

