=LDR  00988nam a22002657a 4500
=001  11751
=005  20240327134720.0
=008  191122s2019\\\\\\\\\\\\\\\\\\\\\\\\vie\\
=040  \\$aLIB.UNETI$bvie$cLIB.UNETI$eAACR2
=041  0\$avie
=082  \\$a537$bN4994D
=100  1\$aNguyễn, Bá Dự
=245  10$aNghiên cứu và xây dựng mô hình điều khiển hệ thống cân và đóng gói sản phẩm sử dụng PLC S7-1200 /$cNguyễn Bá Dự; Nguyễn Thị Thành
=260  \\$a[k.đ.] :$b[k.n.x.b.],$c2019
=300  \\$a76 tr. ;$c30 cm
=653  \\$aĐiện, điện tử
=653  \\$aĐiều khiển hệ thống cân
=653  \\$aĐóng gói sản phẩm
=653  \\$aPLC S7-1200
=690  \\$a7
=691  \\$a24
=700  1\$aNguyễn, Thị Thành$eNgười hướng dẫn
=942  \\$cKLDA
=952  \\$00$10$2ddc$40$6537_000000000000000_N4994D$70$9154$aLibL$bLibL$cL01$d2024-03-12$l0$o537 N4994D$p000020680$r2024-03-12 21:01:19$t1$w2024-03-12$yKLDA
=999  \\$c111$d111

