=LDR  00999nam a22002537a 4500
=001  11752
=005  20240327134720.0
=008  191122s2019\\\\\\\\\\\\\\\\\\\\\\\\vie\\
=040  \\$aLIB.UNETI$bvie$cLIB.UNETI$eAACR2
=041  0\$avie
=082  \\$a537$bN4993N
=100  1\$aNghiêm, Văn Nam
=245  10$aNghiên cứu thiết kế mạch điều khiển bộ biến đổi chỉnh lưu điều khiển tốc độ động cơ điện một chiều sử dụng vi điều khiển PIC18F4431 /$cNghiêm Văn Nam; Mai Văn Duy
=260  \\$a[k.đ.] :$b[k.n.x.b.],$c2019
=300  \\$a72 tr. ;$c30 cm
=653  \\$aĐiều khiển tốc độ
=653  \\$aMạch Điều khiển
=653  \\$aVi điều khiển PIC18F4431
=690  \\$a7
=691  \\$a24
=700  1\$aMai, Văn Duy$eNgười hướng dẫn
=942  \\$cKLDA
=952  \\$00$10$2ddc$40$6537_000000000000000_N4993N$70$9155$aLibL$bLibL$cL01$d2024-03-12$l0$o537 N4993N$p000020629$r2024-03-12 21:01:19$t1$w2024-03-12$yKLDA
=999  \\$c112$d112

