=LDR  00935nam a22002657a 4500
=001  11753
=005  20240327134720.0
=008  191122s2019\\\\\\\\\\\\\\\\\\\\\\\\vie\\
=040  \\$aLIB.UNETI$bvie$cLIB.UNETI$eAACR2
=041  0\$avie
=082  \\$a332$bT7364H
=100  1\$aTrịnh, Thị Thu Hương
=245  10$aPhân tích tình hình tài chính tại công ty cổ phần thực phẩm Hữu Nghị /$cTrịnh Thị Thu Hương; Vũ Thanh Hương
=260  \\$a[k.đ.] :$b[k.n.x.b.],$c2019
=300  \\$a68 tr.
=300  \\$c27 cm
=653  \\$aCông ty cổ phần thực phẩm
=653  \\$aHữu Nghị
=653  \\$aTài chính
=690  \\$a4
=691  \\$a41
=700  1\$aVũ, Thanh Hương$eNgười hướng dẫn
=942  \\$cKLDA
=952  \\$00$10$2ddc$40$6332_000000000000000_T7364H$70$9156$aLibL$bLibL$cL01$d2024-03-12$l2$o332 T7364H$p000003916$r2024-03-12 21:01:19$s2021-04-13$t1$w2024-03-12$yKLDA
=999  \\$c113$d113

