=LDR  01029nam a22002537a 4500
=001  11754
=005  20240327134720.0
=008  191122s2019\\\\\\\\\\\\\\\\\\\\\\\\vie\\
=040  \\$aLIB.UNETI$bvie$cLIB.UNETI$eAACR2
=041  0\$avie
=082  \\$a332$bN4994U
=100  1\$aNguyễn, Nhã Uyên
=245  10$aPhân tích tình hình tài chính doanh nghiệp và những giải pháp góp phần nâng cao khả năng tài chính của công ty trách nhiệm hữu hạn một thành viên 189 /$cNguyễn Nhã Uyên; Đường Thị Thanh Hải
=260  \\$a[k.đ.] :$b[k.n.x.b.],$c2019
=300  \\$a66 tr.
=300  \\$c27 cm
=653  \\$aTài chính doanh nghiệp
=653  \\$aTrách nhiệm hữu hạn một thành viên 189
=690  \\$a4
=691  \\$a41
=700  1\$aĐường, Thị Thanh Hải$eNgười hướng dẫn
=942  \\$cKLDA
=952  \\$00$10$2ddc$40$6332_000000000000000_N4994U$70$9157$aLibL$bLibL$cL01$d2024-03-12$l0$o332 N4994U$p000003915$r2024-03-12 21:01:19$t1$w2024-03-12$yKLDA
=999  \\$c114$d114

