=LDR  00991nam a22002657a 4500
=001  11755
=005  20240327134720.0
=008  191122s2019\\\\\\\\\\\\\\\\\\\\\\\\vie\\
=040  \\$aLIB.UNETI$bvie$cLIB.UNETI$eAACR2
=041  0\$avie
=082  \\$a332$bN4994A
=100  1\$aNguyễn, Thị Anh
=245  10$aNâng cao hiệu quả hoạt động cho vay tại Ngân Hàng Thương Mại Cổ Phần Công Thương Việt Nam Chi Chánh Quang Trung /$cNguyễn Thị Anh; Phạm Thị Diệu Phúc
=260  \\$a[k.đ.] :$b[k.n.x.b.],$c2019
=300  \\$a67 tr.
=300  \\$c27 cm
=653  \\$aCông thương Việt Nam
=653  \\$aHoạt động cho vay
=653  \\$aNgân hàng thương mại
=690  \\$a4
=691  \\$a41
=700  1\$aPhạm, Thị Diệu Phúc$eNgười hướng dẫn
=942  \\$cKLDA
=952  \\$00$10$2ddc$40$6332_000000000000000_N4994A$70$9158$aLibL$bLibL$cL01$d2024-03-12$l0$o332 N4994A$p000003914$r2024-03-12 21:01:19$t1$w2024-03-12$yKLDA
=999  \\$c115$d115

