=LDR  00906nam a22002537a 4500
=001  11756
=005  20240327134720.0
=008  191122s2019\\\\\\\\\\\\\\\\\\\\\\\\vie\\
=040  \\$aLIB.UNETI$bvie$cLIB.UNETI$eAACR2
=041  0\$avie
=082  \\$a332$bD6496T
=100  1\$aĐỗ, Thị Trang
=245  10$aGiải pháp nâng cao chất lượng hoạt động cho vay tại Ngân Hàng TMCP Á Châu /$cĐỗ Thị Trang; Phạm Thị Phương Thảo
=260  \\$a[k.đ.] :$b[k.n.x.b.],$c2019
=300  \\$a73 tr.
=300  \\$c27 cm
=653  \\$aHoạt động cho vay
=653  \\$aNgân Hàng TMCP Á Châu
=690  \\$a4
=691  \\$a41
=700  1\$aPhạm, Thị Phương Thảo$eNgười hướng dẫn
=942  \\$cKLDA
=952  \\$00$10$2ddc$40$6332_000000000000000_D6496T$70$9159$aLibL$bLibL$cL01$d2024-03-12$l0$o332 D6496T$p000003913$r2024-03-12 21:01:19$t1$w2024-03-12$yKLDA
=999  \\$c116$d116

