=LDR  00949nam a22002657a 4500
=001  11757
=005  20240327134720.0
=008  191122s2019\\\\\\\\\\\\\\\\\\\\\\\\vie\\
=040  \\$aLIB.UNETI$bvie$cLIB.UNETI$eAACR2
=041  0\$avie
=082  \\$a332$bL98L
=100  1\$aLý, Khánh Linh
=245  10$aTăng cường công tác huy động vốn tại Ngân Hàng Nông Nghiệp và Phát Triển Nông Thôn Việt Nam /$cLý Khánh Linh; Trần Thị Hoa
=260  \\$a[k.đ.] :$b[k.n.x.b.],$c2019
=300  \\$a79 tr.
=300  \\$c27 cm
=653  \\$aHuy động vốn
=653  \\$aNgân Hàng Nông Nghiệp và Phát Triển Nông Thôn
=653  \\$aViệt Nam
=690  \\$a4
=691  \\$a41
=700  1\$aTrần, Thị Hoa$eNgười hướng dẫn
=942  \\$cKLDA
=952  \\$00$10$2ddc$40$6332_000000000000000_L98L$70$9160$aLibL$bLibL$cL01$d2024-03-12$l0$o332 L98L$p000003918$r2024-03-12 21:01:19$t1$w2024-03-12$yKLDA
=999  \\$c117$d117

