=LDR  00854nam a22002417a 4500
=001  11758
=005  20240327134720.0
=008  191122s2019\\\\\\\\\\\\\\\\\\\\\\\\vie\\
=040  \\$aLIB.UNETI$bvie$cLIB.UNETI$eAACR2
=041  0\$avie
=082  \\$a332$bK549T
=100  1\$aKiều, Thị Bích Thủy
=245  10$aTăng cường hiệu quả sử dụng vốn kinh doanh tại Công Ty Cổ Phần Viễn Thông VTC /$cKiều Thị Bích Thủy
=260  \\$c2019
=300  \\$a85 tr.
=653  \\$aCông Ty Cổ Phần Viễn Thông VTC
=653  \\$aVốn kinh doanh
=690  \\$a4
=691  \\$a41
=700  1\$aPhùng, Thị Lan Hương$eNgười hướng dẫn
=942  \\$cKLDA
=952  \\$00$10$2ddc$40$6332_000000000000000_K549T$70$9161$aLibL$bLibL$cL01$d2024-03-12$l0$o332 K549T$p000004105$r2024-03-12 21:01:19$t1$w2024-03-12$yKLDA
=999  \\$c118$d118

