=LDR  00834nam a22002537a 4500
=001  11759
=005  20240327134720.0
=008  191122s2019\\\\\\\\\\\\\\\\\\\\\\\\vie\\
=040  \\$aLIB.UNETI$bvie$cLIB.UNETI$eAACR2
=041  0\$avie
=082  \\$a332$bD65T
=100  1\$aĐoàn, Phương Thảo
=245  10$aPhân tích tình hình tài chính Công Ty Cổ Phần Bánh Kẹo Hải Hà /$cĐoàn Phương Thảo
=260  \\$c2019
=300  \\$a91 tr.
=653  \\$aBánh kẹo Hải Hà
=653  \\$aCông ty cổ phần
=653  \\$aTài chính
=690  \\$a4
=691  \\$a41
=700  1\$aĐoàn, Thị Nguyệt$eNgười hướng dẫn
=942  \\$cKLDA
=952  \\$00$10$2ddc$40$6332_000000000000000_D65T$70$9162$aLibL$bLibL$cL01$d2024-03-12$l0$o332 D65T$p000004104$r2024-03-12 21:01:19$t1$w2024-03-12$yKLDA
=999  \\$c119$d119

