=LDR  01026nam a22002657a 4500
=001  11760
=005  20240327134720.0
=008  191122s2019\\\\\\\\\\\\\\\\\\\\\\\\vie\\
=040  \\$aLIB.UNETI$bvie$cLIB.UNETI$eAACR2
=041  0\$avie
=082  \\$a332$bD6496H
=100  1\$aĐỗ, Nguyên Hạnh
=245  10$aHoàn thiện công tác thẩm định giá bất động sản trong hoạt động cho vay tại ngân hàng thương mại cổ phần Sài Gòn - Chi nhánh Hai Bà Trưng /$cĐỗ Nguyên Hạnh; Trần Thị Ngọc Anh
=260  \\$a[k.đ.] :$b[k.n.x.b.],$c2019
=300  \\$a91 tr.
=653  \\$aBất động sản
=653  \\$aHoạt động cho vay
=653  \\$aNgân hàng thương mại
=653  \\$aSài Gòn
=690  \\$a4
=691  \\$a41
=700  1\$aTrần, Thị Ngọc Anh$eNgười hướng dẫn
=942  \\$cKLDA
=952  \\$00$10$2ddc$40$6332_000000000000000_D6496H$70$9163$aLibL$bLibL$cL01$d2024-03-12$l0$o332 D6496H$p000003903$r2024-03-12 21:01:19$t1$w2024-03-12$yKLDA
=999  \\$c120$d120

