=LDR  00845nam a22002417a 4500
=001  11761
=005  20240327134720.0
=008  191122s2019\\\\\\\\\\\\\\\\\\\\\\\\vie\\
=040  \\$aLIB.UNETI$bvie$cLIB.UNETI$eAACR2
=041  0\$avie
=082  \\$a332$bN4994H
=100  1\$aNguyễn, Bảo Hà
=245  10$aPhát triển dịch vụ ngân hàng bán lẻ tại NH TMCP Sại Gòn /$cNguyễn Bảo Hà; Nguyễn Ngọc Hải
=260  \\$a[k.đ.] :$b[k.n.x.b.],$c2019
=300  \\$a82 tr.
=653  \\$aDịch vụ ngân hàng
=653  \\$aNH TMCP Sại Gòn
=690  \\$a4
=691  \\$a41
=700  1\$aNguyễn, Ngọc Hải$eNgười hướng dẫn
=942  \\$cKLDA
=952  \\$00$10$2ddc$40$6332_000000000000000_N4994H$70$9164$aLibL$bLibL$cL01$d2024-03-12$l0$o332 N4994H$p000003902$r2024-03-12 21:01:20$t1$w2024-03-12$yKLDA
=999  \\$c121$d121

