=LDR  00934nam a22002537a 4500
=001  11762
=005  20240327134720.0
=008  191122s2019\\\\\\\\\\\\\\\\\\\\\\\\vie\\
=040  \\$aLIB.UNETI$bvie$cLIB.UNETI$eAACR2
=041  0\$avie
=082  \\$a537$bN4994th
=100  1\$aNguyễn, Thị Thắm
=245  10$aNghiên cứu xây dựng mô hình mạng truyền thông PROFINET sử dụng PLC S7-1200 ứng dụng trong phòng thí nghiệm PLC /$cNguyễn Thị Thắm
=260  \\$a[k.đ.] :$b[k.n.x.b.],$c2019
=300  \\$a69 tr. ;$c30 cm
=653  \\$aMô hình mạng
=653  \\$aPhòng thí nghiệm PLC
=653  \\$aSử dụng PLC S7-1200
=690  \\$a7
=691  \\$a24
=700  1\$aHà, Huy Giáp$eNgười hướng dẫn
=942  \\$cKLDA
=952  \\$00$10$2ddc$40$6537_000000000000000_N4994TH$70$9165$aLibL$bLibL$cL01$d2024-03-12$l0$o537 N4994th$p000020631$r2024-03-12 21:01:20$t1$w2024-03-12$yKLDA
=999  \\$c122$d122

