=LDR  00996nam a22002657a 4500
=001  11763
=005  20240327134720.0
=008  191122s2019\\\\\\\\\\\\\\\\\\\\\\\\vie\\
=040  \\$aLIB.UNETI$bvie$cLIB.UNETI$eAACR2
=041  0\$avie
=082  \\$a332$bB8681T
=100  1\$aBùi, Thị Thu Thùy
=245  10$aNâng cao hiệu quả hoạt động cho vay doanh nghiệp vừa và nhỏ tại ngân hàng TMCP công thương chi nhánh Hai Bà Trưng /$cBùi Thị Thu Thùy; Đỗ Thị Thu Quỳnh
=260  \\$a[k.đ.] :$b[k.n.x.b.],$c2019
=300  \\$a80 tr.
=300  \\$c27cm
=653  \\$aDoanh nghiệp vừa và nhỏ
=653  \\$aHoạt động cho vay
=653  \\$aNgân hàng công thương
=690  \\$a4
=691  \\$a41
=700  1\$aĐỗ, Thị Thu Quỳnh$eNgười hướng dẫn
=942  \\$cKLDA
=952  \\$00$10$2ddc$40$6332_000000000000000_B8681T$70$9166$aLibL$bLibL$cL01$d2024-03-12$l0$o332 B8681T$p000003912$r2024-03-12 21:01:20$t1$w2024-03-12$yKLDA
=999  \\$c123$d123

