=LDR  01097nam a22002777a 4500
=001  11765
=005  20240327134720.0
=008  191122s2019\\\\\\\\\\\\\\\\\\\\\\\\vie\\
=040  \\$aLIB.UNETI$bvie$cLIB.UNETI$eAACR2
=041  0\$avie
=082  \\$a537$bN4994Th
=100  1\$aNguyễn, Doãn Thành
=245  10$aNghiên cứu thiết kế mạch điều khiển bộ biến đổi chỉnh lưu điều khiển tốc độ động cơ điện một chiều sử dụng vi điều khiển PIC18F4431 /$cNguyễn Doãn Thành
=260  \\$a[k.đ.] :$b[k.n.x.b.],$c2019
=300  \\$a68 tr. ;$c30 cn
=653  \\$aBộ biến đổi chỉnh lưu
=653  \\$aĐiều khiển tốc độ
=653  \\$aĐộng cơ điện một chiều
=653  \\$aMạch điều khiển bộ biến
=653  \\$aVi điều khiển
=690  \\$a7
=691  \\$a24
=700  1\$aVăn, Mai Duy$eNgười hướng dẫn
=942  \\$cKLDA
=952  \\$00$10$2ddc$40$6537_000000000000000_N4994TH$70$9167$aLibL$bLibL$cL01$d2024-03-12$l0$o537 N4994Th$p000020633$r2024-03-12 21:01:20$t1$w2024-03-12$yKLDA
=999  \\$c124$d124

