=LDR  00944nam a22002417a 4500
=001  11766
=005  20240327134720.0
=008  191122s2019\\\\\\\\\\\\\\\\\\\\\\\\vie\\
=040  \\$aLIB.UNETI$bvie$cLIB.UNETI$eAACR2
=041  0\$avie
=082  \\$a537$bN4993Q
=100  1\$aNgô, Xuân Quảng
=245  10$aNghiên cứu thiết kế mạch điều khiển bộ biến đổi áp điều khiển tốc độ động cơ điện một chiều sử dụng vi điều khiển PIC18F4431 /$cNgô Xuân Quảng; Mai Văn duy
=260  \\$a[k.đ.] :$b[k.n.x.b.],$c2019
=300  \\$a67 tr. ;$c30 cm
=653  \\$aMạch Điều khiển
=653  \\$aTốc độ cơ điện
=690  \\$a7
=691  \\$a24
=700  1\$aMai, Văn Duy$eNgười hướng dẫn
=942  \\$cKLDA
=952  \\$00$10$2ddc$40$6537_000000000000000_N4993Q$70$9168$aLibL$bLibL$cL01$d2024-03-12$l0$o537 N4993Q$p000020661$r2024-03-12 21:01:20$t1$w2024-03-12$yKLDA
=999  \\$c125$d125

