=LDR  00919nam a22002537a 4500
=001  11767
=005  20240327134720.0
=008  191122s2019\\\\\\\\\\\\\\\\\\\\\\\\vie\\
=040  \\$aLIB.UNETI$bvie$cLIB.UNETI$eAACR2
=041  0\$avie
=082  \\$a332$bB1221H
=100  1\$aBạch, Thị Hà
=245  10$aGiải pháp nâng cao hiệu quả sử dụng vốn kinh doanh tại công ty TNHH sản xuất và thương mại Cường Thịnh /$cBạch Thị Hà; Đặng Hương Giang
=260  \\$a[k.đ.] :$b[k.n.x.b.],$c2019
=300  \\$a82 tr.
=653  \\$aCông ty TNHH
=653  \\$aGiải pháp
=653  \\$aVốn kinh doanh
=690  \\$a4
=691  \\$a41
=700  1\$aĐặng, Hương Giang$eNgười hướng dẫn
=942  \\$cKLDA
=952  \\$00$10$2ddc$40$6332_000000000000000_B1221H$70$9169$aLibL$bLibL$cL01$d2024-03-12$l0$o332 B1221H$p000003888$r2024-03-12 21:01:20$t1$w2024-03-12$yKLDA
=999  \\$c126$d126

