=LDR  00938nam a22002537a 4500
=001  11768
=005  20240327134720.0
=008  191122s2019\\\\\\\\\\\\\\\\\\\\\\\\vie\\
=040  \\$aLIB.UNETI$bvie$cLIB.UNETI$eAACR2
=041  0\$avie
=082  \\$a332$bH6508T
=100  1\$aHoàng, Thị Kim Tuyến
=245  10$aHoàn thiên công tác thẩm định tín dụng trong hoạt động cho vay doanh nghiệp tại VPBANK /$cHoàng Thị Kim Tuyến; Phạm Thị Thu Hà
=260  \\$a[k.đ.] :$b[k.n.x.b.],$c2019
=300  \\$a108 tr. ;$c27 cm
=653  \\$aDoanh nghiệp
=653  \\$aHoạt động cho vay
=653  \\$aThẩm định tín dụng
=690  \\$a4
=691  \\$a41
=700  1\$aPhạm, Thị Thu Hà$eNgười hướng dẫn
=942  \\$cKLDA
=952  \\$00$10$2ddc$40$6332_000000000000000_H6508T$70$9170$aLibL$bLibL$cL01$d2024-03-12$l0$o332 H6508T$p000003882$r2024-03-12 21:01:20$t1$w2024-03-12$yKLDA
=999  \\$c127$d127

