=LDR  00862nam a22002417a 4500
=001  11769
=005  20240327134720.0
=008  191122s2019\\\\\\\\\\\\\\\\\\\\\\\\vie\\
=040  \\$aLIB.UNETI$bvie$cLIB.UNETI$eAACR2
=041  0\$avie
=082  \\$a332$bN4994T
=100  1\$aNguyễn, Quỳnh Trang
=245  10$aPhân tích tình hình tài chính của công ty Cổ Phần Cơ Khí Phố Yên /$cNguyễn Quỳnh Trang; Ngô Thanh Loan
=260  \\$a[k.đ.] :$b[k.n.x.b.],$c2019
=300  \\$a83 tr. ;$c27 cm
=653  \\$aCông ty cổ phần
=653  \\$aTài chính
=690  \\$a4
=691  \\$a41
=700  1\$aNgô, Thanh Loan$eNgười hướng dẫn
=942  \\$cKLDA
=952  \\$00$10$2ddc$40$6332_000000000000000_N4994T$70$9171$aLibL$bLibL$cL01$d2024-03-12$l1$o332 N4994T$p000003881$r2024-03-12 21:01:20$s2021-04-09$t1$w2024-03-12$yKLDA
=999  \\$c128$d128

