=LDR  00913nam a22002537a 4500
=001  11773
=005  20240327134720.0
=008  191122s2019\\\\\\\\\\\\\\\\\\\\\\\\vie\\
=040  \\$aLIB.UNETI$bvie$cLIB.UNETI$eAACR2
=041  0\$avie
=082  \\$a537$bH6508T
=100  1\$aHoàng, Anh Tuấn
=245  10$aNghiên cứu xây dựng mô hình mạng truyền thông profinet sử dụng PLC S7 -1200 ứng dụng trong phòng thí nghiệm PLC /$cHoàng Anh Tuấn
=260  \\$a[k.đ.] :$b[k.n.x.b.],$c2019
=300  \\$a68 tr. ;$c30 cm
=653  \\$aMô hình mạng
=653  \\$aNghiên cứu
=653  \\$aSử dụng PLCS7- 1200
=690  \\$a7
=691  \\$a24
=700  1\$aHà, Huy Giáp$eNgười hướng dẫn
=942  \\$cKLDA
=952  \\$00$10$2ddc$40$6537_000000000000000_H6508T$70$9172$aLibL$bLibL$cL01$d2024-03-12$l0$o537 H6508T$p000020643$r2024-03-12 21:01:20$t1$w2024-03-12$yKLDA
=999  \\$c129$d129

