=LDR  00954nam a22002537a 4500
=001  11774
=005  20240327134720.0
=008  191122s2019\\\\\\\\\\\\\\\\\\\\\\\\vie\\
=040  \\$aLIB.UNETI$bvie$cLIB.UNETI$eAACR2
=041  0\$avie
=082  \\$a332$bK549D
=100  1\$aKiều, Thị Mỹ Duyên
=245  10$aVốn kinh doanh và một số giải pháp nâng cao hiệu quả sử dụng vốn kinh doanh tại Công ty cổ phần FECON /$cKiều Thị Mỹ Duyên, Nguyễn Thị Kim Thoa
=260  \\$a[k.đ.] :$b[k.n.x.b.],$c2019
=300  \\$a93 tr. ;$c27 cm
=653  \\$aCông ty cổ phần FECON
=653  \\$aGiải pháp
=653  \\$aVốn kinh doanh
=690  \\$a4
=691  \\$a41
=700  1\$aNguyễn, Thị Kim Thoa$eNgười hướng dẫn
=942  \\$cKLDA
=952  \\$00$10$2ddc$40$6332_000000000000000_K549D$70$9173$aLibL$bLibL$cL01$d2024-03-12$l0$o332 K549D$p000003885$r2024-03-12 21:01:20$t1$w2024-03-12$yKLDA
=999  \\$c130$d130

