=LDR  00861nam a22002417a 4500
=001  11775
=005  20240327134720.0
=008  191122s2019\\\\\\\\\\\\\\\\\\\\\\\\vie\\
=040  \\$aLIB.UNETI$bvie$cLIB.UNETI$eAACR2
=041  0\$avie
=082  \\$a332$bN4994H
=100  1\$aNguyễn, Đình Hạnh
=245  10$aPhát triển dịch vụ ngân hàng điện tử tại Techcombank /$cNguyễn Đình Hạnh, Nguyễn Thị Tình
=260  \\$a[k.đ.] :$b[k.n.x.b.],$c2019
=300  \\$a77 tr. ;$c27 cm
=653  \\$aDịch vụ ngân hàng
=653  \\$aNgân hàng Techcombank
=690  \\$a4
=691  \\$a41
=700  1\$aNguyễn, Thị Tình$eNgười hướng dẫn
=942  \\$cKLDA
=952  \\$00$10$2ddc$40$6332_000000000000000_N4994H$70$9174$aLibL$bLibL$cL01$d2024-03-12$l0$o332 N4994H$p000003884$r2024-03-12 21:01:20$t1$w2024-03-12$yKLDA
=999  \\$c131$d131

