=LDR  01017nam a22002657a 4500
=001  11776
=005  20240327134720.0
=008  191122s2019\\\\\\\\\\\\\\\\\\\\\\\\vie\\
=040  \\$aLIB.UNETI$bvie$cLIB.UNETI$eAACR2
=041  0\$avie
=082  \\$a537$bT685T
=100  1\$aTrần, Văn Tú
=245  10$aNghiên cứu xây dựng mô hình mạng truyền thông profinet sử dụng PLC S7 -1500 và điều khiển giám sát động cơ băng tải ứng dụng trong phòng thí nghiệm PLC /$cTrần Văn Tú
=260  \\$a[k.đ.] :$b[k.n.x.b.],$c2019
=300  \\$a78 tr. ;$c30 cm
=653  \\$aĐiện, điện tử
=653  \\$aĐộng cơ băng tải
=653  \\$aMô hình mạng
=653  \\$aSử dụng PLC S7 -1500
=690  \\$a7
=691  \\$a24
=700  1\$aTrần, Quốc Đạt$eNgười hướng dẫn
=942  \\$cKLDA
=952  \\$00$10$2ddc$40$6537_000000000000000_T685T$70$9175$aLibL$bLibL$cL01$d2024-03-12$l0$o537 T685T$p000020645$r2024-03-12 21:01:20$t1$w2024-03-12$yKLDA
=999  \\$c132$d132

