=LDR  00918nam a22002537a 4500
=001  11777
=005  20240327134720.0
=008  191122s2019\\\\\\\\\\\\\\\\\\\\\\\\vie\\
=040  \\$aLIB.UNETI$bvie$cLIB.UNETI$eAACR2
=041  0\$avie
=082  \\$a332$bC1697T
=100  1\$aCao, Huyền Trang
=245  10$aNâng cao chất lượng hoạt động cho vay tại NH Thương Mại Cổ Phần Sài Gòn Thường Tín /$cCao Huyền Trang; Phạm Thị Phương Thảo
=260  \\$a[k.đ.] :$b[k.n.x.b.],$c2019
=300  \\$a96 tr.
=653  \\$aHoạt động cho vay
=653  \\$aNH Thương Mại
=653  \\$aSacombank
=690  \\$a4
=691  \\$a41
=700  1\$aPhạm, Thị Phương Thảo$eNgười hướng dẫn
=942  \\$cKLDA
=952  \\$00$10$2ddc$40$6332_000000000000000_C1697T$70$9176$aLibL$bLibL$cL01$d2024-03-12$l0$o332 C1697T$p000003895$r2024-03-12 21:01:20$t1$w2024-03-12$yKLDA
=999  \\$c133$d133

