=LDR  00921nam a22002537a 4500
=001  11778
=005  20240327134720.0
=008  191122s2019\\\\\\\\\\\\\\\\\\\\\\\\vie\\
=040  \\$aLIB.UNETI$bvie$cLIB.UNETI$eAACR2
=041  0\$avie
=082  \\$a332$bD924M
=100  1\$aDương, Thị Minh
=245  10$aNâng cao hiệu quả sử dụng vốn tại công Ty Cổ Phần Đầu Tư và Thương Mại TNG /$cDương Thị Minh; Phạm Thị Ngọc Mai
=260  \\$a[k.đ.] :$b[k.n.x.b.],$c2019
=300  \\$a87 tr.
=653  \\$aCông ty cổ phần
=653  \\$aĐầu tư và thương mại TNG
=653  \\$aSử dụng vốn
=690  \\$a4
=691  \\$a41
=700  1\$aPhạm, Thị Ngọc Mai$eNgười hướng dẫn
=942  \\$cKLDA
=952  \\$00$10$2ddc$40$6332_000000000000000_D924M$70$9177$aLibL$bLibL$cL01$d2024-03-12$l0$o332 D924M$p000003894$r2024-03-12 21:01:20$t1$w2024-03-12$yKLDA
=999  \\$c134$d134

