=LDR  00952nam a22002657a 4500
=001  11779
=005  20240327134720.0
=008  191122s2019\\\\\\\\\\\\\\\\\\\\\\\\vie\\
=040  \\$aLIB.UNETI$bvie$cLIB.UNETI$eAACR2
=041  0\$avie
=082  \\$a537$bN4994Ng
=100  1\$aNguyễn, Thị Ngọc
=245  10$aNghiên cứu thiết kế hệ truyền động điều khiển động cơ KĐB 3 pha trong hệ thống băng tải /$cNguyễn Thị Ngọc
=260  \\$a[k.đ.] :$b[k.n.x.b.],$c2019
=300  \\$a81 tr. ;$c30 cm
=653  \\$aĐiện, điện tử
=653  \\$aĐộng cơ 3 pha
=653  \\$aHệ thống băng tải
=653  \\$aHệ truyền động
=690  \\$a7
=691  \\$a24
=700  1\$aVõ, Thu Hà$eNgười hướng dẫn
=942  \\$cKLDA
=952  \\$00$10$2ddc$40$6537_000000000000000_N4994NG$70$9178$aLibL$bLibL$cL01$d2024-03-12$l0$o537 N4994Ng$p000020647$r2024-03-12 21:01:20$t1$w2024-03-12$yKLDA
=999  \\$c135$d135

