=LDR  00942nam a22002537a 4500
=001  11780
=005  20240327134720.0
=008  191122s2019\\\\\\\\\\\\\\\\\\\\\\\\vie\\
=040  \\$aLIB.UNETI$bvie$cLIB.UNETI$eAACR2
=041  0\$avie
=082  \\$a332$bD6496G
=100  1\$aĐỗ, Hồng Giang
=245  10$aNâng cao hiệu quả sử dụng vốn lưu động Công Ty trách nhiệm HHTM và vật liệu xây dựng Quy Trọng /$cĐỗ Hồng Giang; Vũ Thị Thục Oanh
=260  \\$a[k.đ.] :$b[k.n.x.b.],$c2019
=300  \\$a87 tr.
=653  \\$aCông ty trách nhiệm HHTM
=653  \\$aVật liệu xây dựng
=653  \\$aVốn lưu động
=690  \\$a4
=691  \\$a41
=700  1\$aVũ, Thị Thục Oanh$eNgười hướng dẫn
=942  \\$cKLDA
=952  \\$00$10$2ddc$40$6332_000000000000000_D6496G$70$9179$aLibL$bLibL$cL01$d2024-03-12$l0$o332 D6496G$p000003893$r2024-03-12 21:01:20$t1$w2024-03-12$yKLDA
=999  \\$c136$d136

