=LDR  00933nam a22002537a 4500
=001  11781
=005  20240327134721.0
=008  191122s2019\\\\\\\\\\\\\\\\\\\\\\\\vie\\
=040  \\$aLIB.UNETI$bvie$cLIB.UNETI$eAACR2
=041  0\$avie
=082  \\$a332$bN4994T
=100  1\$aNguyễn, Thị Hà Trang
=245  10$aNâng cao hiệu quả sử dụng vốn kinh doanh tại công ty Cổ phần Bê Tông Xây Dựng Vinaconex Xuân Mai /$cNguyễn Thị Hà Trang; Vũ Thị Anh
=260  \\$a[k.đ.] :$b[k.n.x.b.],$c2019
=300  \\$a103 tr.
=653  \\$aBê Tông Xây Dựng Vinaconex
=653  \\$aCông ty cổ phần
=653  \\$aVốn kinh doanh
=690  \\$a4
=691  \\$a41
=700  1\$aVũ, Thị Anh$eNgười hướng dẫn
=942  \\$cKLDA
=952  \\$00$10$2ddc$40$6332_000000000000000_N4994T$70$9180$aLibL$bLibL$cL01$d2024-03-12$l0$o332 N4994T$p000003892$r2024-03-12 21:01:20$t1$w2024-03-12$yKLDA
=999  \\$c137$d137

