=LDR  00941nam a22002537a 4500
=001  11782
=005  20240327134721.0
=008  191122s2019\\\\\\\\\\\\\\\\\\\\\\\\vie\\
=040  \\$aLIB.UNETI$bvie$cLIB.UNETI$eAACR2
=041  0\$avie
=082  \\$a332$bD6155C
=100  1\$aĐinh, Duy Cường
=245  10$aNâng cao hiệu quả sử dụng vốn kinh doanh của công ty cổ phần đầu tư thương mại XNK Việt Phát /$cĐinh Duy Cường; Phạm Thị Ngọc Mai
=260  \\$a[k.đ.] :$b[k.n.x.b.],$c2019
=300  \\$a79 tr.
=653  \\$aCông ty cổ phần và đầu tư
=653  \\$aVốn kinh doanh
=653  \\$aXNK Việt Phát
=690  \\$a4
=691  \\$a41
=700  1\$aPhạm, Thị Ngọc Mai$eNgười hướng dẫn
=942  \\$cKLDA
=952  \\$00$10$2ddc$40$6332_000000000000000_D6155C$70$9181$aLibL$bLibL$cL01$d2024-03-12$l0$o332 D6155C$p000003891$r2024-03-12 21:01:20$t1$w2024-03-12$yKLDA
=999  \\$c138$d138

