=LDR  00858nam a22002417a 4500
=001  11784
=005  20240327134721.0
=008  191122s2019\\\\\\\\\\\\\\\\\\\\\\\\vie\\
=040  \\$aLIB.UNETI$bvie$cLIB.UNETI$eAACR2
=041  0\$avie
=082  \\$a537$bC4701D
=100  1\$aChu, Việt Dũng
=245  10$aXây dựng hệ thống trạm phân loại sản phẩm theo màu sắc sử dụng PLC - S7 -1200 /$cChu Việt Dũng
=260  \\$a[k.đ.] :$b[k.n.x.b.],$c2019
=300  \\$a69 tr. ;$c30 cm
=653  \\$aPhân loại sản phẩm
=653  \\$aSử dụng PLC S7-1200
=690  \\$a7
=691  \\$a24
=700  1\$aHoàng, Đình Cơ$eNgười hướng dẫn
=942  \\$cKLDA
=952  \\$00$10$2ddc$40$6537_000000000000000_C4701D$70$9182$aLibL$bLibL$cL01$d2024-03-12$l0$o537 C4701D$p000020632$r2024-03-12 21:01:20$t1$w2024-03-12$yKLDA
=999  \\$c139$d139

