=LDR  00934nam a22002537a 4500
=001  11785
=005  20240327134721.0
=008  191122s2019\\\\\\\\\\\\\\\\\\\\\\\\vie\\
=040  \\$aLIB.UNETI$bvie$cLIB.UNETI$eAACR2
=041  0\$avie
=082  \\$a332$bN4994N
=100  1\$aNguyễn, Thị Nga
=245  10$aGiải pháp nâng cao hiệu quả huy động vốn tại ngân hàng TMCP ngoại thương chi nhánh hoàn kiếm /$cNguyễn Thị Nga; Trần Thanh Phúc
=260  \\$a[k.đ.] :$b[k.n.x.b.],$c2019
=300  \\$a75 tr.
=653  \\$aHoàn Kiếm
=653  \\$aHuy động vốn
=653  \\$aNgân hàng TMCP ngoại thương
=690  \\$a4
=691  \\$a41
=700  1\$aTrần, Thanh Phúc$eNgười hướng dẫn
=942  \\$cKLDA
=952  \\$00$10$2ddc$40$6332_000000000000000_N4994N$70$9183$aLibL$bLibL$cL01$d2024-03-12$l1$o332 N4994N$p000003890$r2024-03-12 21:01:20$s2021-04-01$t1$w2024-03-12$yKLDA
=999  \\$c140$d140

