=LDR  00888nam a22002417a 4500
=001  11786
=005  20240327134721.0
=008  191122s2019\\\\\\\\\\\\\\\\\\\\\\\\vie\\
=040  \\$aLIB.UNETI$bvie$cLIB.UNETI$eAACR2
=041  0\$avie
=082  \\$a332$bD924T
=100  1\$aDương, Thị Thùy Trang
=245  10$aPhân tích hoạt động cho vay ngắn hạn tại Ngân Hàng TMCP Quốc Dân ( NCB ) /$cDương Thị Thùy Trang, Phạm Thị Thu Hà
=260  \\$a[k.đ.] :$b[k.n.x.b.],$c2019
=300  \\$a69 tr. ;$c27 cm
=653  \\$aCho vay ngắn hạn
=653  \\$aNgân Hàng TMCP Quốc Dân
=690  \\$a4
=691  \\$a41
=700  1\$aPhạm, Thị Thu Hà$eNgười hướng dẫn
=942  \\$cKLDA
=952  \\$00$10$2ddc$40$6332_000000000000000_D924T$70$9184$aLibL$bLibL$cL01$d2024-03-12$l0$o332 D924T$p000003883$r2024-03-12 21:01:20$t1$w2024-03-12$yKLDA
=999  \\$c141$d141

