=LDR  00965nam a22002537a 4500
=001  11787
=005  20240327134721.0
=008  191122s2019\\\\\\\\\\\\\\\\\\\\\\\\vie\\
=040  \\$aLIB.UNETI$bvie$cLIB.UNETI$eAACR2
=041  0\$avie
=082  \\$a537$bN4993H
=100  1\$aNgô, Doãn Hưng
=245  10$aNghiên cứu thiết kế hệ thống điều khiển phân loại sản phẩm theo mầu sắc sử dụng PLC - S7 1200 /$cNgô Doãn Hưng; Người hướng dẫn: Hoàng Đình Cơ
=260  \\$a[k.đ.] :$b[k.n.x.b.],$c2019
=300  \\$a54 tr. ;$c30 cm
=653  \\$aĐiện, điện tử
=653  \\$aPhân loại sản phẩm
=653  \\$aSử dụng PLC S7 -1200
=690  \\$a7
=691  \\$a24
=700  1\$aHoàng, Đình Cơ$eNgười hướng dẫn
=942  \\$cKLDA
=952  \\$00$10$2ddc$40$6537_000000000000000_N4993H$74$9185$aLibL$bLibL$cL01$d2024-03-12$l0$o537 N4993H$p000020634$r2024-03-12 21:01:21$t1$w2024-03-12$yKLDA
=999  \\$c142$d142

