=LDR  00960nam a22002537a 4500
=001  11789
=005  20240327134721.0
=008  191122s2019\\\\\\\\\\\\\\\\\\\\\\\\vie\\
=040  \\$aLIB.UNETI$bvie$cLIB.UNETI$eAACR2
=041  0\$avie
=082  \\$a332$bN4994V
=100  1\$aNguyễn, Thị Vân
=245  10$aPhân tích tình hình tài chính và giải pháp nâng cao hoạt động sản xuất kinh doanh của Công ty CP Bóng Đèn Phích Nước Rạng Đông /$cNguyễn Thị Vân; Vũ Thành Long
=260  \\$a[k.đ.] :$b[k.n.x.b.],$c2019
=300  \\$a92 tr.
=653  \\$aBóng đèn, phích nước
=653  \\$aSản xuất kinh doanh
=653  \\$aTài chính
=690  \\$a4
=691  \\$a41
=700  1\$aVũ, Thành Long$eNgười hướng dẫn
=942  \\$cKLDA
=952  \\$00$10$2ddc$40$6332_000000000000000_N4994V$70$9186$aLibL$bLibL$cL01$d2024-03-12$l0$o332 N4994V$p000003900$r2024-03-12 21:01:21$t1$w2024-03-12$yKLDA
=999  \\$c143$d143

