=LDR  00953nam a22002657a 4500
=001  11790
=005  20240327134721.0
=008  191125s2019\\\\\\\\\\\\\\\\\\\\\\\\vie\\
=040  \\$aLIB.UNETI$bvie$cLIB.UNETI$eAACR2
=041  0\$avie
=082  \\$a537$bN4994D
=100  1\$aNguyễn, Văn Dương
=245  10$aNghiên cứu thiết kế hệ truyền động điều khiển động cơ KDB 3 pha trong hệ thống băng tải /$cNguyễn Văn Dương
=260  \\$a[k.đ.] :$b[k.n.x.b.],$c2019
=300  \\$a64 tr. ;$c30 cm
=653  \\$aĐiện, điện tử
=653  \\$aĐộng cơ KĐB 3 pha
=653  \\$aHệ thống băng tải
=653  \\$aHệ truyền động
=690  \\$a7
=691  \\$a24
=700  1\$aVõ, Thu Hà$eNgười hướng dẫn
=942  \\$cKLDA
=952  \\$00$10$2ddc$40$6537_000000000000000_N4994D$70$9187$aLibL$bLibL$cL01$d2024-03-12$l0$o537 N4994D$p000020630$r2024-03-12 21:01:21$t1$w2024-03-12$yKLDA
=999  \\$c144$d144

