=LDR  00988nam a22002537a 4500
=001  11793
=005  20240327134721.0
=008  191125s2019\\\\\\\\\\\\\\\\\\\\\\\\vie\\
=040  \\$aLIB.UNETI$bvie$cLIB.UNETI$eAACR2
=041  0\$avie
=082  \\$a537$bT685C
=100  1\$aTrần, Hải Châu
=245  10$aXây dựng mô hình điều khiển mạch máy trang bị điện tại xưởng thực hành mỹ xá sử dụng bộ điều khiển logic khả trình PLC - S7 200 / /$cTrần Hải Châu; Trần Đông
=260  \\$a[k.đ.] :$b[k.n.x.b.],$c2019
=300  \\$a68 tr. ;$c30 cm
=653  \\$aĐiện, điện tử
=653  \\$aĐiều khiển logic khả trình PLC
=653  \\$aTrang bị điện
=690  \\$a7
=691  \\$a24
=700  1\$aTrần, Đông$eNgười hướng dẫn
=942  \\$cKLDA
=952  \\$00$10$2ddc$40$6537_000000000000000_T685C$70$9188$aLibL$bLibL$cL01$d2024-03-12$l0$o537 T685C$p000020662$r2024-03-12 21:01:21$t1$w2024-03-12$yKLDA
=999  \\$c145$d145

