=LDR  00915nam a22002537a 4500
=001  11795
=005  20240327134721.0
=008  191125s2019\\\\\\\\\\\\\\\\\\\\\\\\vie\\
=040  \\$aLIB.UNETI$bvie$cLIB.UNETI$eAACR2
=041  0\$avie
=082  \\$a332$bN4994L
=100  1\$aNguyễn, Tiến Đông Lai
=245  10$aPhân tích tình hình tài chính của công ty TNHH một thành viên Tân Phát Sơn La /$cNguyễn Tiến Đông Lai; Đỗ Thị Kim Thu
=260  \\$a[k.đ.] :$b[k.n.x.b.],$c2019
=300  \\$a71 tr. ;$c27 cm
=653  \\$aTài chính
=653  \\$aTân Phát Sơn La
=653  \\$aTNHH một thành viên
=690  \\$a4
=691  \\$a41
=700  1\$aĐỗ, Thị Kim Thu$eNgười hướng dẫn
=942  \\$cKLDA
=952  \\$00$10$2ddc$40$6332_000000000000000_N4994L$70$9189$aLibL$bLibL$cL01$d2024-03-12$l0$o332 N4994L$p000003872$r2024-03-12 21:01:21$t1$w2024-03-12$yKLDA
=999  \\$c146$d146

