=LDR  00932nam a22002537a 4500
=001  11796
=005  20240327134721.0
=008  191125s2019\\\\\\\\\\\\\\\\\\\\\\\\vie\\
=040  \\$aLIB.UNETI$bvie$cLIB.UNETI$eAACR2
=041  0\$avie
=082  \\$a332$bH6508K
=100  1\$aHoàng, Gia Kiên
=245  10$aNâng cao hiệu quả hoạt động kinh doanh và tình hình tài chính tại công ty cổ phần máy lọc thận Việt Nam /$cHoàng Gia Kiên; Mai Tuấn Anh
=260  \\$a[k.đ.] :$b[k.n.x.b.],$c2019
=300  \\$a85 tr. ;$c27 cm
=653  \\$aCông ty cổ phần
=653  \\$aKinh doanh, tài chính
=653  \\$aMáy lọc thận
=690  \\$a4
=691  \\$a41
=700  1\$aMai, Tuấn Anh$eNgười hướng dẫn
=942  \\$cKLDA
=952  \\$00$10$2ddc$40$6332_000000000000000_H6508K$70$9190$aLibL$bLibL$cL01$d2024-03-12$l0$o332 H6508K$p000003873$r2024-03-12 21:01:21$t1$w2024-03-12$yKLDA
=999  \\$c147$d147

