=LDR  00891nam a22002417a 4500
=001  11797
=005  20240327134721.0
=008  191125s2019\\\\\\\\\\\\\\\\\\\\\\\\vie\\
=040  \\$aLIB.UNETI$bvie$cLIB.UNETI$eAACR2
=041  0\$avie
=082  \\$a332$bN4994P
=100  1\$aNguyễn, Tuyết Phương
=245  10$aPhát triển dịch vụ thẻ của ngân hàng Thương Mại Cổ phần Bản Việt /$cNguyễn Tuyết Phương; Lê Nguyễn Diệu Anh
=260  \\$a[k.đ.] :$b[k.n.x.b.],$c2019
=300  \\$a72 tr. ;$c27 cm
=653  \\$aDịch vụ thẻ
=653  \\$aNgân hàng thương mại
=690  \\$a4
=691  \\$a41
=700  1\$aLê, Nguyễn Diệu Anh$eNgười hướng dẫn
=942  \\$cKLDA
=952  \\$00$10$2ddc$40$6332_000000000000000_N4994P$70$9191$aLibL$bLibL$cL01$d2024-03-12$l0$o332 N4994P$p000003871$r2024-03-12 21:01:21$t1$w2024-03-12$yKLDA
=999  \\$c148$d148

