=LDR  00955nam a22002417a 4500
=001  11798
=005  20240327134721.0
=008  191125s2019\\\\\\\\\\\\\\\\\\\\\\\\vie\\
=040  \\$aLIB.UNETI$bvie$cLIB.UNETI$eAACR2
=041  0\$avie
=082  \\$a332$bN4994N
=100  1\$aNguyễn, Phạm Khánh Nhi
=245  10$aNâng cao hiệu quả hoạt dộng cho vay khách hàng cá nhân tại NH TMCP Đầu Tư và Phát Triển VN - Chi Nhánh Hai Bà Trưng /$cNguyễn Phạm Khánh Nhi; Đỗ Thị Thu Quỳnh
=260  \\$a[k.đ.] :$b[k.n.x.b.],$c2019
=300  \\$a89 tr. ;$c27 cm
=653  \\$aCho vay cá nhân
=653  \\$aNH TMCP Đầu Tư và Phát Triển
=690  \\$a4
=691  \\$a41
=700  1\$aĐỗ, Thị Thu Quỳnh$eNgười hướng dẫn
=942  \\$cKLDA
=952  \\$00$10$2ddc$40$6332_000000000000000_N4994N$70$9192$aLibL$bLibL$cL01$d2024-03-12$l0$o332 N4994N$p000003870$r2024-03-12 21:01:21$t1$w2024-03-12$yKLDA
=999  \\$c149$d149

