=LDR  00863nam a22002417a 4500
=001  11799
=005  20240327134721.0
=008  191125s2019\\\\\\\\\\\\\\\\\\\\\\\\vie\\
=040  \\$aLIB.UNETI$bvie$cLIB.UNETI$eAACR2
=041  0\$avie
=082  \\$a332$bP492H
=100  1\$aPhan, Thúy Hằng
=245  10$aHoàn thiện công tác quản lý tài chính tại công ty TNHH Trường Phiêm /$cPhan Thúy Hằng; Đặng Hương Giang
=260  \\$a[k.đ.] :$b[k.n.x.b.],$c2019
=300  \\$a64 tr. ;$c27 cm
=653  \\$aQuản lý tài chính
=653  \\$aTNHH Trường Phiêm
=690  \\$a4
=691  \\$a41
=700  1\$aĐặng, Hương Giang$eNgười hướng dẫn
=942  \\$cKLDA
=952  \\$00$10$2ddc$40$6332_000000000000000_P492H$70$9193$aLibL$bLibL$cL01$d2024-03-12$l0$o332 P492H$p000003869$r2024-03-12 21:01:21$t1$w2024-03-12$yKLDA
=999  \\$c150$d150

