=LDR  00827nam a22002417a 4500
=001  11800
=005  20240327134721.0
=008  191125s2019\\\\\\\\\\\\\\\\\\\\\\\\vie\\
=040  \\$aLIB.UNETI$bvie$cLIB.UNETI$eAACR2
=041  0\$avie
=082  \\$a332$bV97T
=100  1\$aVũ, Ngọc Thúy
=245  10$aNâng cao hiệu quả sữ dụng vốn kinh doanh tại Công Ty TNHH Sản Xuất và Thương Mại Bao Bì Hải Âu /$cVũ Ngọc Thúy
=260  \\$c2019
=300  \\$a74 tr.
=653  \\$aCông Ty TNHH
=653  \\$aVốn kinh doanh
=690  \\$a4
=691  \\$a41
=700  1\$aTrần, Thị Thùy Linh$eNgười hướng dẫn
=942  \\$cKLDA
=952  \\$00$10$2ddc$40$6332_000000000000000_V97T$70$9194$aLibL$bLibL$cL01$d2024-03-12$l0$o332 V97T$p000004106$r2024-03-12 21:01:21$t1$w2024-03-12$yKLDA
=999  \\$c151$d151

