=LDR  00895nam a22002417a 4500
=001  11802
=005  20240327134721.0
=008  191125s2019\\\\\\\\\\\\\\\\\\\\\\\\vie\\
=040  \\$aLIB.UNETI$bvie$cLIB.UNETI$eAACR2
=041  0\$avie
=082  \\$a332$bD212T
=100  1\$aĐặng, Thị Thu
=245  10$aNâng cao hiệu quả sử dụng vốn kinh doanh tại công ty cổ phần Ecoteak Việt Nam /$cĐặng Thị Thu; Phùng Thị Lan Hương
=260  \\$a[k.đ.] :$b[k.n.x.b.],$c2019
=300  \\$a72 tr. ;$c27 cm
=653  \\$aCông ty cổ phần Ecoteak
=653  \\$aVốn kinh doanh
=690  \\$a4
=691  \\$a41
=700  1\$aPhùng, Thị Lan Hương$eNgười hướng dẫn
=942  \\$cKLDA
=952  \\$00$10$2ddc$40$6332_000000000000000_D212T$70$9195$aLibL$bLibL$cL01$d2024-03-12$l1$o332 D212T$p000003868$r2024-03-12 21:01:21$s2021-04-19$t1$w2024-03-12$yKLDA
=999  \\$c152$d152

