=LDR  00906nam a22002417a 4500
=001  11803
=005  20240327134721.0
=008  191125s2019\\\\\\\\\\\\\\\\\\\\\\\\vie\\
=040  \\$aLIB.UNETI$bvie$cLIB.UNETI$eAACR2
=041  0\$avie
=082  \\$a332$bD924L
=100  1\$aDương, Thị Khánh Ly
=245  10$aNâng cao hiệu quả hoạt động tín dụng cá nhân tại ngân hàng TMCP Kỹ Thương Việt Nam - TECHCOMBANK /$cDương Thị Khánh Ly; Mai Tuấn Anh
=260  \\$a[k.đ.] :$b[k.n.x.b.],$c2019
=300  \\$a80 tr. ;$c27 cm
=653  \\$aNgân hàng TMCP Kỹ Thương
=653  \\$aTín dụng cá nhân
=690  \\$a4
=691  \\$a41
=700  1\$aMai, Tuấn Anh$eNgười hướng dẫn
=942  \\$cKLDA
=952  \\$00$10$2ddc$40$6332_000000000000000_D924L$70$9196$aLibL$bLibL$cL01$d2024-03-12$l0$o332 D924L$p000003867$r2024-03-12 21:01:21$t1$w2024-03-12$yKLDA
=999  \\$c153$d153

