=LDR  00853nam a22002417a 4500
=001  11804
=005  20240327134721.0
=008  191125s2019\\\\\\\\\\\\\\\\\\\\\\\\vie\\
=040  \\$aLIB.UNETI$bvie$cLIB.UNETI$eAACR2
=041  0\$avie
=082  \\$a332$bH6508A
=100  1\$aHoàng, Quỳnh Anh
=245  10$aPhân tích tình hình tài chính tại công ty TNHH TOKAI TRIM Việt Nam /$cHoàng Quỳnh Anh; Đoàn Thị Nguyệt
=260  \\$a[k.đ.] :$b[k.n.x.b.],$c2019
=300  \\$a79 tr. ;$c27 cm
=653  \\$aCông ty TNHH TOKAI TRIM
=653  \\$aTài chính
=690  \\$a4
=691  \\$a41
=700  1\$aĐoàn, Thị Nguyệt$eNgười hướng dẫn
=942  \\$cKLDA
=952  \\$00$10$2ddc$40$6332_000000000000000_H6508A$70$9197$aLibL$bLibL$cL01$d2024-03-12$l0$o332 H6508A$p000003866$r2024-03-12 21:01:21$t1$w2024-03-12$yKLDA
=999  \\$c154$d154

