=LDR  00864nam a22002417a 4500
=001  11805
=005  20240327134721.0
=008  191125s2019\\\\\\\\\\\\\\\\\\\\\\\\vie\\
=040  \\$aLIB.UNETI$bvie$cLIB.UNETI$eAACR2
=041  0\$avie
=082  \\$a332$bP491Q
=100  1\$aPhạm, Như Quỳnh
=245  10$aPhát triển dịch vụ ngân hàng bán lẻ tại NHTPCP Hằng Hải Việt Nam /$cPhạm Như Quỳnh; Lê Nguyễn Diệu Anh
=260  \\$a[k.đ.] :$b[k.n.x.b.],$c2019
=300  \\$a87 tr. ;$c27 cm
=653  \\$aNgân hàng bán lẻ
=653  \\$aNHTPCP Hằng Hải
=690  \\$a4
=691  \\$a41
=700  1\$aNguyễn, Diệu Anh$eNgười hướng dẫn
=942  \\$cKLDA
=952  \\$00$10$2ddc$40$6332_000000000000000_P491Q$70$9198$aLibL$bLibL$cL01$d2024-03-12$l0$o332 P491Q$p000003878$r2024-03-12 21:01:21$t1$w2024-03-12$yKLDA
=999  \\$c155$d155

