=LDR  00944nam a22002417a 4500
=001  11806
=005  20240327134721.0
=008  191125s2019\\\\\\\\\\\\\\\\\\\\\\\\vie\\
=040  \\$aLIB.UNETI$bvie$cLIB.UNETI$eAACR2
=041  0\$avie
=082  \\$a332$bN4994N
=100  1\$aNguyễn, Hồng Nhung
=245  10$aGiải pháp hạn chế rủi ro trong hoạt động tín dụng tại ngân hàng TMCP công thương Việt Nam, phòng giao dịch Cẩm Phú /$cNguyễn Hồng Nhung; Đỗ Thi Kim Thu
=260  \\$a[k.đ.] :$b[k.n.x.b.],$c2019
=300  \\$a58 tr. ;$c27 cm
=653  \\$aHoạt động tín dụng
=653  \\$aNgân hàng TMCP công thương
=690  \\$a4
=691  \\$a41
=700  1\$aĐỗ, Thị Kim Thu$eNgười hướng dẫn
=942  \\$cKLDA
=952  \\$00$10$2ddc$40$6332_000000000000000_N4994N$70$9199$aLibL$bLibL$cL01$d2024-03-12$l0$o332 N4994N$p000003879$r2024-03-12 21:01:21$t1$w2024-03-12$yKLDA
=999  \\$c156$d156

