=LDR  00909nam a22002417a 4500
=001  11807
=005  20240327134721.0
=008  191125s2019\\\\\\\\\\\\\\\\\\\\\\\\vie\\
=040  \\$aLIB.UNETI$bvie$cLIB.UNETI$eAACR2
=041  0\$avie
=082  \\$a332$bV97H
=100  1\$aVũ, Minh Hiếu
=245  10$aNâng cao hiệu quả tín dụng trung và dài hạn tại ngân hàng TMCP công thương Việt Nam phòng giao dịch Cẩm Phú /$cVũ Minh Hiếu; Lê Minh Trang
=260  \\$a[k.đ.] :$b[k.n.x.b.],$c2019
=300  \\$a69 tr. ;$c27 cm
=653  \\$aNgân hàng TMCP công thương
=653  \\$aTín dụng trung, dài hạn
=690  \\$a4
=691  \\$a41
=700  1\$aLê, Minh Trang$eNgười hướng dẫn
=942  \\$cKLDA
=952  \\$00$10$2ddc$40$6332_000000000000000_V97H$70$9200$aLibL$bLibL$cL01$d2024-03-12$l0$o332 V97H$p000003877$r2024-03-12 21:01:21$t1$w2024-03-12$yKLDA
=999  \\$c157$d157

