=LDR  00884nam a22002417a 4500
=001  11808
=005  20240327134721.0
=008  191125s2019\\\\\\\\\\\\\\\\\\\\\\\\vie\\
=040  \\$aLIB.UNETI$bvie$cLIB.UNETI$eAACR2
=041  0\$avie
=082  \\$a332$bN4994T
=100  1\$aNguyễn, Văn Trung
=245  10$aPhân tích tình hình tài chính tại công ty Cổ phần hóa chất Việt Trì /$cNguyễn Văn Trung; Trương Ngọc Chân
=260  \\$a[k.đ.] :$b[k.n.x.b.],$c2019
=300  \\$a82 tr. ;$c27 cm
=653  \\$aCông ty cổ phần hoá chất
=653  \\$aTài chính
=690  \\$a4
=691  \\$a41
=700  1\$aTrương, Ngọc Chân$eNgười hướng dẫn
=942  \\$cKLDA
=952  \\$00$10$2ddc$40$6332_000000000000000_N4994T$70$9201$aLibL$bLibL$cL01$d2024-03-12$l1$o332 N4994T$p000003876$r2024-03-12 21:01:21$s2021-03-23$t1$w2024-03-12$yKLDA
=999  \\$c158$d158

