=LDR  00919nam a22002537a 4500
=001  11809
=005  20240327134721.0
=008  191125s2019\\\\\\\\\\\\\\\\\\\\\\\\vie\\
=040  \\$aLIB.UNETI$bvie$cLIB.UNETI$eAACR2
=041  0\$avie
=082  \\$a332$bN4994L
=100  1\$aNguyễn, Thị Minh Loan
=245  10$aGiải pháp phòng ngừa và hạn chế rủi ro tín dụng tại Ngân Hàng Tiền Phong /$cNguyễn Thị Minh Loan; Phạm Thị Diệu Phúc
=260  \\$a[k.đ.] :$b[k.n.x.b.],$c2019
=300  \\$a65 tr. ;$c27 cm
=653  \\$aGiải pháp
=653  \\$aNgân Hàng Tiền Phong
=653  \\$aTín dụng
=690  \\$a4
=691  \\$a41
=700  1\$aPhạm, Thị Diệu Phúc$eNgười hướng dẫn
=942  \\$cKLDA
=952  \\$00$10$2ddc$40$6332_000000000000000_N4994L$70$9202$aLibL$bLibL$cL01$d2024-03-12$l0$o332 N4994L$p000003875$r2024-03-12 21:01:22$t1$w2024-03-12$yKLDA
=999  \\$c159$d159

