=LDR  00926nam a22002777a 4500
=001  11810
=005  20240327134721.0
=008  191125s\\\\\\\\\\\\\\\\\\\\\\\\\\\\vie\\
=040  \\$aLIB.UNETI$bvie$cLIB.UNETI$eAACR2
=041  0\$avie
=082  \\$a657$bN4994T
=100  1\$aNguyễn, Thị Thêu
=245  10$aKế toán tài sản cố định tại tổng công ty Gas petrolimex /$cNguyễn Thị Thêu; Nguyễn Thị Ngọc Lan
=260  \\$a[k.đ.] :$b[k.n.x.b.]
=260  \\$c2019
=300  \\$a80 tr.
=300  \\$c30cm
=653  \\$aGas petrolimex
=653  \\$aKế toán
=653  \\$aTài sản cố định
=690  \\$a2
=691  \\$a31
=700  1\$aNguyễn, Thị Ngọc Lan$eNgười hướng dẫn
=942  \\$cKLDA
=952  \\$00$10$2ddc$40$6657_000000000000000_N4994T$70$9203$aLibM$bLibM$cM01$d2024-03-12$l1$o657 N4994T$p000004001$r2024-03-12 21:01:22$s2021-03-24$t1$w2024-03-12$yKLDA
=999  \\$c160$d160

