=LDR  00943nam a22002537a 4500
=001  11812
=005  20240327134721.0
=008  191125s2019\\\\\\\\\\\\\\\\\\\\\\\\vie\\
=040  \\$aLIB.UNETI$bvie$cLIB.UNETI$eAACR2
=041  0\$avie
=082  \\$a657$bD924T
=100  1\$aDương, Thị Thanh Tâm
=245  10$aKế toán nguyên vật liệu, công cụ dụng cụ tại công ty cổ phần đầu tư và xây dựng Xuân Phúc window /$cDương Thị Thanh Tâm; Phạm Thị Tươi
=260  \\$a[k.đ.] :$b[k.n.x.b.],$c2019
=300  \\$a80 tr.
=653  \\$aCông cụ, dụng cụ
=653  \\$aNguyên vật liệu
=653  \\$aXuân Phúc window
=690  \\$a2
=691  \\$a31
=700  1\$aPhạm, Thị Tươi$eNgười hướng dẫn
=942  \\$cKLDA
=952  \\$00$10$2ddc$40$6657_000000000000000_D924T$70$9204$aLibM$bLibM$cM01$d2024-03-12$l0$o657 D924T$p000003999$r2024-03-12 21:01:22$t1$w2024-03-12$yKLDA
=999  \\$c161$d161

