=LDR  00992nam a22002537a 4500
=001  11813
=005  20240327134721.0
=008  191125s2019\\\\\\\\\\\\\\\\\\\\\\\\vie\\
=040  \\$aLIB.UNETI$bvie$cLIB.UNETI$eAACR2
=041  0\$avie
=082  \\$a657$bN4994N
=100  1\$aNguyễn, Thị Thanh Ngọc
=245  10$aKế toán thành phẩm, tiêu thụ và xác định kết quả tiêu thụ tại công ty TNHH thương mại và dịch vụ phát triển chăn nuôi /$cNguyễn Thị Thanh Ngọc; Đỗ Thị Thanh Tâm
=260  \\$a[k.đ.] :$b[k.n.x.b.],$c2019
=300  \\$a80 tr. ;$c27 cm
=653  \\$aChăn nuôi
=653  \\$aKế toán, thành phẩm
=653  \\$aTiêu thụ
=690  \\$a2
=691  \\$a31
=700  1\$aĐỗ, Thị Thanh Tâm$eNgười hướng dẫn
=942  \\$cKLDA
=952  \\$00$10$2ddc$40$6657_000000000000000_N4994N$70$9205$aLibM$bLibM$cM01$d2024-03-12$l1$o657 N4994N$p000003947$r2024-03-12 21:01:22$s2021-03-25$t1$w2024-03-12$yKLDA
=999  \\$c162$d162

