=LDR  00844nam a22002417a 4500
=001  11817
=005  20240327134721.0
=008  191125s2019\\\\\\\\\\\\\\\\\\\\\\\\vie\\
=040  \\$aLIB.UNETI$bvie$cLIB.UNETI$eAACR2
=041  0\$avie
=082  \\$a664$bL46A
=100  1\$aLê, Thị Kim Anh
=245  10$aNghiên cứu quy trình sản xuất kẹo dẻo hương chanh dây /$cLê Thị Kim Anh
=260  \\$a[k.đ.] :$b[k.n.x.b.],$c2019
=300  \\$a62 tr. ;$c30 cm
=653  \\$aKẹo dẻo hương chanh
=653  \\$aQuy trình sản xuất
=690  \\$a11
=691  \\$a30
=700  1\$aNguyễn, Thị Mai Hương$eNgười hướng dẫn
=942  \\$cKLDA
=952  \\$00$10$2ddc$40$6664_000000000000000_L46A$70$9206$aLibL$bLibL$cL01$d2024-03-12$l2$o664 L46A$p000020797$r2024-03-12 21:01:22$s2023-03-16$t1$w2024-03-12$yKLDA
=999  \\$c163$d163

