=LDR  00834nam a22002417a 4500
=001  11819
=005  20240327134722.0
=008  191125s2019\\\\\\\\\\\\\\\\\\\\\\\\vie\\
=040  \\$aLIB.UNETI$bvie$cLIB.UNETI$eAACR2
=041  0\$avie
=082  \\$a664$bD238H
=100  1\$aĐào, Thị Hương
=245  10$aNghiên cứu quy trình công nghệ sản xuất xoài sấy dẻo /$cĐào Thị Hương
=260  \\$a[k.đ.] :$b[k.n.x.b.],$c2019
=300  \\$a52 tr. ;$c30 cm
=653  \\$aQuy trình công nghệ
=653  \\$aSản xuất xoài sấy dẻo
=690  \\$a11
=691  \\$a30
=700  1\$aVũ, Phương Lan$eNgười hướng dẫn
=942  \\$cKLDA
=952  \\$00$10$2ddc$40$6664_000000000000000_D238H$70$9207$aLibL$bLibL$cL01$d2024-03-12$l0$o664 D238H$p000020799$r2024-03-12 21:01:22$t1$w2024-03-12$yKLDA
=999  \\$c164$d164

