=LDR  00827nam a22002417a 4500
=001  11820
=005  20240327134722.0
=008  191125s2019\\\\\\\\\\\\\\\\\\\\\\\\vie\\
=040  \\$aLIB.UNETI$bvie$cLIB.UNETI$eAACR2
=041  0\$avie
=082  \\$a664$bT685L
=100  1\$aTrần, Mỹ Linh
=245  10$aNghiên cứu quy trình công nghệ sản xuất dưa sấy dẻo /$cTrần Mỹ Linh
=260  \\$a[k.đ.] :$b[k.n.x.b.],$c2019
=300  \\$a51 tr. ;$c30 cm
=653  \\$aQuy trình công nghệ
=653  \\$aSản xuất dừa sấy dẻo
=690  \\$a11
=691  \\$a30
=700  1\$aVũ, Phương Lan$eNgười hướng dẫn
=942  \\$cKLDA
=952  \\$00$10$2ddc$40$6664_000000000000000_T685L$70$9208$aLibL$bLibL$cL01$d2024-03-12$l0$o664 T685L$p000020798$r2024-03-12 21:01:22$t1$w2024-03-12$yKLDA
=999  \\$c165$d165

