=LDR  00924nam a22002537a 4500
=001  11821
=005  20240327134722.0
=008  191125s2019\\\\\\\\\\\\\\\\\\\\\\\\vie\\
=040  \\$aLIB.UNETI$bvie$cLIB.UNETI$eAACR2
=041  0\$avie
=082  \\$a664$bN4994H
=100  1\$aNguyễn, Thị Thu Hiền
=245  10$aNghiên cứu ứng dụng bao bì bảo quản chuối tiêu hồng phục vụ nội tiêu và xuất khẩu /$cNguyễn Thị Thu Hiền
=260  \\$a[k.đ.] :$b[k.n.x.b.],$c2019
=300  \\$a77 tr. ;$c30 cm
=653  \\$aBảo quản chuối tiêu
=653  \\$aNghiên cứu
=653  \\$aỨng dụng bao bì
=690  \\$a11
=691  \\$a30
=700  1\$aĐặng, Thị Thanh Quyên$eNgười hướng dẫn
=942  \\$cKLDA
=952  \\$00$10$2ddc$40$6664_000000000000000_N4994H$70$9209$aLibL$bLibL$cL01$d2024-03-12$l0$o664 N4994H$p000020800$r2024-03-12 21:01:22$t1$w2024-03-12$yKLDA
=999  \\$c166$d166

