=LDR  00960nam a22002537a 4500
=001  11823
=005  20240327134722.0
=008  191125s2019\\\\\\\\\\\\\\\\\\\\\\\\vie\\
=040  \\$aLIB.UNETI$bvie$cLIB.UNETI$eAACR2
=041  0\$avie
=082  \\$a664$bH6508A
=100  1\$aHoàng, Thị Ngọc Anh
=245  10$aThiết kế nhà máy sản xuất bánh quy xốp năng suất 4000 tấn / năm và sản xuất kẹo mềm năng suất 4 tấn / ngày /$cHoàng Thị Ngọc Anh
=260  \\$a[k.đ.] :$b[k.n.x.b.],$c2019
=300  \\$a154 tr. ;$c30 cm
=653  \\$aNăng suất 4000 tấn /năm
=653  \\$aSản xuất bánh quy xốp
=653  \\$aThiết kế nhà máy
=690  \\$a11
=691  \\$a30
=700  1\$aHồ, Tuấn Anh$eNgười hướng dẫn
=942  \\$cKLDA
=952  \\$00$10$2ddc$40$6664_000000000000000_H6508A$70$9210$aLibL$bLibL$cL01$d2024-03-12$l0$o664 H6508A$p000020801$r2024-03-12 21:01:22$t1$w2024-03-12$yKLDA
=999  \\$c167$d167

