=LDR  00859nam a22002537a 4500
=001  11827
=005  20240327134722.0
=008  191125s2019\\\\\\\\\\\\\\\\\\\\\\\\vie\\
=040  \\$aLIB.UNETI$bvie$cLIB.UNETI$eAACR2
=041  0\$avie
=082  \\$a664$bL16H
=100  1\$aLâm, Thị Hồng Hạnh
=245  10$aNghiên cứu sản xuất mứt cà chua bi /$cLâm Thị Hồng Hạnh
=260  \\$a[k.đ.] :$b[k.n.x.b.],$c2019
=300  \\$a88 tr. ;$c30 cm
=653  \\$aCông nghệ sản xuất
=653  \\$aMứt cà chua bi
=653  \\$aNghiên cứu sản xuất
=690  \\$a11
=691  \\$a30
=700  1\$aNguyễn, Thị Mai Hương$eNgười hướng dẫn
=942  \\$cKLDA
=952  \\$00$10$2ddc$40$6664_000000000000000_L16H$70$9211$aLibL$bLibL$cL01$d2024-03-12$l0$o664 L16H$p000020802$r2024-03-12 21:01:22$t1$w2024-03-12$yKLDA
=999  \\$c168$d168

