=LDR  00919nam a22002537a 4500
=001  11828
=005  20240327134722.0
=008  191125s2019\\\\\\\\\\\\\\\\\\\\\\\\vie\\
=040  \\$aLIB.UNETI$bvie$cLIB.UNETI$eAACR2
=041  0\$avie
=082  \\$a664$bN4994T
=100  1\$aNguyễn, Thị Huyền Trang
=245  10$aThiết kế nhà máy sản xuất bia có năng suất 30 triệu /lít /năm /$cNguyễn Thị Huyền Trang
=260  \\$a[k.đ.] :$b[k.n.x.b.],$c2019
=300  \\$a181 tr. ;$c30 cm
=653  \\$aCông nghệ thực phẩm
=653  \\$aNăng xuất 30 triệu/lít
=653  \\$aSản xuất bia
=690  \\$a11
=691  \\$a30
=700  1\$aVũ, Thị Ngọc Bích$eNgười hướng dẫn
=942  \\$cKLDA
=952  \\$00$10$2ddc$40$6664_000000000000000_N4994T$70$9212$aLibL$bLibL$cL01$d2024-03-12$l2$o664 N4994T$p000020803$r2024-03-12 21:01:22$s2021-01-18$t1$w2024-03-12$yKLDA
=999  \\$c169$d169

