=LDR  00999nam a22002537a 4500
=001  11829
=005  20240327134722.0
=008  191125s2019\\\\\\\\\\\\\\\\\\\\\\\\vie\\
=040  \\$aLIB.UNETI$bvie$cLIB.UNETI$eAACR2
=041  0\$avie
=082  \\$a664$bH6508G
=100  1\$aHoàng, Hà Giang
=245  10$aThiết kế xưởng thực nghiệm sản xuất bia hơi tại khu thực hành Trường ĐH Kinh Tế Kỷ Thật Công nghiệp , với năng xuất 500 nghìn /lít /năm /$cHoàng Hà Giang
=260  \\$a[k.đ.] :$b[k.n.x.b.],$c2019
=300  \\$a144 tr. ;$c27 cm
=653  \\$aNăng suất 500 nghìn lít /năm
=653  \\$aSản xuất bia hơi
=653  \\$aThiết kế xưởng
=690  \\$a11
=691  \\$a30
=700  1\$aVũ, Thị Ngọc Bích$eNgười hướng dẫn
=942  \\$cKLDA
=952  \\$00$10$2ddc$40$6664_000000000000000_H6508G$70$9213$aLibL$bLibL$cL01$d2024-03-12$l1$o664 H6508G$p000020805$r2024-03-12 21:01:22$s2021-01-18$t1$w2024-03-12$yKLDA
=999  \\$c170$d170

