=LDR  00897nam a22002537a 4500
=001  11837
=005  20240327134722.0
=008  191125s2019\\\\\\\\\\\\\\\\\\\\\\\\vie\\
=040  \\$aLIB.UNETI$bvie$cLIB.UNETI$eAACR2
=041  0\$avie
=082  \\$a537$bN4994Tr
=100  1\$aNguyễn, Đình Tráng
=245  10$aNghiên cứu thiết kế quạt thông minh sử dụng vi điều khiển Pic16F877A /$cNguyễn Đình Tráng
=260  \\$a[k.đ.] :$b[k.n.x.b.],$c2019
=300  \\$a69 tr.
=653  \\$aNghiên cứu, thiết kế
=653  \\$aQuạt thông minh
=653  \\$aVi điều khiển Pic16F877A
=690  \\$a7
=691  \\$a24
=700  1\$aTrần, Quốc Đạt$eNgười hướng dẫn
=942  \\$cKLDA
=952  \\$00$10$2ddc$40$6537_000000000000000_N4994TR$70$9214$aLibL$bLibL$cL01$d2024-03-12$l0$o537 N4994Tr$p000020642$r2024-03-12 21:01:22$t1$w2024-03-12$yKLDA
=999  \\$c171$d171

