=LDR  01010nam a22002657a 4500
=001  11838
=005  20240327134722.0
=008  191125s2019\\\\\\\\\\\\\\\\\\\\\\\\vie\\
=040  \\$aLIB.UNETI$bvie$cLIB.UNETI$eAACR2
=041  0\$avie
=082  \\$a537$bK529Q
=100  1\$aKhương, Văn Quảng
=245  10$aNghiên cứu thiết kế xây dựng mô hình đồng hồ điện tử đo nhiệt độ và độ ẩm sử dụng vi điều khiển Pic16F877A /$cKhương Văn Quảng
=260  \\$a[k.đ.] :$b[k.n.x.b.],$c2019
=300  \\$a70 tr. ;$c30 cm
=653  \\$aĐiện, điện tử
=653  \\$aĐồng hồ đo nhiệt độ
=653  \\$aNghiên cứu, thiết kế
=653  \\$aVi điều khiển Pic16F877A
=690  \\$a7
=691  \\$a24
=700  1\$aTrần, Quốc Đạt$eNgười hướng dẫn
=942  \\$cKLDA
=952  \\$00$10$2ddc$40$6537_000000000000000_K529Q$70$9215$aLibL$bLibL$cL01$d2024-03-12$l0$o537 K529Q$p000020646$r2024-03-12 21:01:22$t1$w2024-03-12$yKLDA
=999  \\$c172$d172

