=LDR  00901nam a22002537a 4500
=001  11840
=005  20240327134722.0
=008  191125s2019\\\\\\\\\\\\\\\\\\\\\\\\vie\\
=040  \\$aLIB.UNETI$bvie$cLIB.UNETI$eAACR2
=041  0\$avie
=082  \\$a537$bN4994T
=100  1\$aNguyễn, Nhân Tuấn
=245  10$aNghiên cứu thiết kế quạt thông minh sử dụng vi điều khiển Pic16F877A /$cNguyễn Nhân Tuấn
=260  \\$a[k.đ.] :$b[k.n.x.b.],$c2019
=300  \\$a67 tr. ;$c30 cm
=653  \\$aNghiên cứu, thiết kế
=653  \\$aQuạt thông minh
=653  \\$aVi điều khiển Pic16F877A
=690  \\$a7
=691  \\$a24
=700  1\$aTrần, Quốc Đạt$eNgười hướng dẫn
=942  \\$cKLDA
=952  \\$00$10$2ddc$40$6537_000000000000000_N4994T$70$9216$aLibL$bLibL$cL01$d2024-03-12$l0$o537 N4994T$p000020636$r2024-03-12 21:01:22$t1$w2024-03-12$yKLDA
=999  \\$c173$d173

