=LDR  00999nam a22002657a 4500
=001  11843
=005  20240327134722.0
=008  191125s2019\\\\\\\\\\\\\\\\\\\\\\\\vie\\
=040  \\$aLIB.UNETI$bvie$cLIB.UNETI$eAACR2
=041  0\$avie
=082  \\$a537$bD212H
=100  1\$aĐặng, Thị Hảo
=245  10$aNghiên cứu thiết kế mạng truyền thông PLC với biến tần qua profidriver ứng dựng cho hệ truyền động trong phòng thí nghiệm PLC /$cĐặng Thị Hảo
=260  \\$a[k.đ.] :$b[k.n.x.b.],$c2019
=300  \\$a62 tr. ;$c30 cm
=653  \\$aBiến tần profidriver
=653  \\$aHệ truyền động
=653  \\$aMạng truyền thông PLC
=653  \\$aNghiên cứu, thiết kế
=690  \\$a7
=691  \\$a24
=700  1\$aHà, Huy Giáp$eNgười hướng dẫn
=942  \\$cKLDA
=952  \\$00$10$2ddc$40$6537_000000000000000_D212H$70$9217$aLibL$bLibL$cL01$d2024-03-12$l0$o537 D212H$p000020637$r2024-03-12 21:01:22$t1$w2024-03-12$yKLDA
=999  \\$c174$d174

