=LDR  00918nam a22002537a 4500
=001  11845
=005  20240327134722.0
=008  191125s2019\\\\\\\\\\\\\\\\\\\\\\\\vie\\
=040  \\$aLIB.UNETI$bvie$cLIB.UNETI$eAACR2
=041  0\$avie
=082  \\$a537$bH11Ng
=100  1\$aHà, Công Ngọc
=245  10$aNghiên cứu thiết kế hệ truyền động điều khiển động cơ KĐB 3 pha trong hệ thống băng tải /$cHà Công Ngọc; Vũ Duy Hưng
=260  \\$a[k.đ.] :$b[k.n.x.b.],$c2019
=300  \\$a92 tr. ;$c30 cm
=653  \\$aĐộng cơ KĐB 3 pha
=653  \\$aHệ băng tải
=653  \\$aNghiên cứu, thiết kế
=690  \\$a7
=691  \\$a24
=700  1\$aVũ, Duy Hưng$eNgười hướng dẫn
=942  \\$cKLDA
=952  \\$00$10$2ddc$40$6537_000000000000000_H11NG$70$9218$aLibL$bLibL$cL01$d2024-03-12$l0$o537 H11Ng$p000020684$r2024-03-12 21:01:22$t1$w2024-03-12$yKLDA
=999  \\$c175$d175

