=LDR  00908nam a22002537a 4500
=001  11846
=005  20240327134722.0
=008  191125s2019\\\\\\\\\\\\\\\\\\\\\\\\vie\\
=040  \\$aLIB.UNETI$bvie$cLIB.UNETI$eAACR2
=041  0\$avie
=082  \\$a537$bN4994P
=100  1\$aNguyễn, Văn Phụng
=245  10$aXây dựng mô hình trạm phân loại sản phẩm theo màu sắc sử dụng PLC S7 - 1200 /$cNguyễn Văn Phụng; Hoàng Đình Cơ
=260  \\$a[k.đ.] :$b[k.n.x.b.],$c2019
=300  \\$a76 tr. ;$c30 cm
=653  \\$aPLC S7 - 1200
=653  \\$aSản phẩm, màu sắc
=653  \\$aTrạm phân loại
=690  \\$a7
=691  \\$a24
=700  1\$aHoàng, Đình Cơ$eNgười hướng dẫn
=942  \\$cKLDA
=952  \\$00$10$2ddc$40$6537_000000000000000_N4994P$70$9219$aLibL$bLibL$cL01$d2024-03-12$l0$o537 N4994P$p000020685$r2024-03-12 21:01:22$t1$w2024-03-12$yKLDA
=999  \\$c176$d176

