=LDR  00952nam a22002537a 4500
=001  11865
=005  20240327134722.0
=008  191126s2019\\\\\\\\\\\\\\\\\\\\\\\\vie\\
=040  \\$aLIB.UNETI$bvie$cLIB.UNETI$eAACR2
=041  0\$avie
=082  \\$a537$bN4994Ng
=100  1\$aNguyễn, Thanh Nguyên
=245  10$aNghiên cứu thiết kế hệ thống truyền động điều khiển động cơ KĐB 3 pha trong hệ thống băng tải /$cNguyễn Thanh Nguyên; Vũ Duy Hưng
=260  \\$a[k.đ.] :$b[k.n.x.b.],$c2019
=300  \\$a90 tr. ;$c30 cm
=653  \\$ađộng cơ KĐB 3 pha
=653  \\$aHệ thống băng tải
=653  \\$aNghiên cứu, thiết kế
=690  \\$a7
=691  \\$a24
=700  1\$aVũ, Duy Hưng$eNgười hướng dẫn
=942  \\$cKLDA
=952  \\$00$10$2ddc$40$6537_000000000000000_N4994NG$70$9220$aLibL$bLibL$cL01$d2024-03-12$l0$o537 N4994Ng$p000020673$r2024-03-12 21:01:22$t1$w2024-03-12$yKLDA
=999  \\$c177$d177

