=LDR  00967nam a22002537a 4500
=001  11867
=005  20240327134722.0
=008  191126s2019\\\\\\\\\\\\\\\\\\\\\\\\vie\\
=040  \\$aLIB.UNETI$bvie$cLIB.UNETI$eAACR2
=041  0\$avie
=082  \\$a537$bN4994T
=100  1\$aNguyễn, Xuân Trường
=245  10$aNghiên cứu xây dựng mô hình điều khiển và giám sát tốc độ bằng tải ,sử dụng PLCS7-1200, ứng dụng trong trạm phản loại sản phẩm /$cNguyễn Xuân Trường
=260  \\$a[k.đ.] :$b[k.n.x.b.],$c2019
=300  \\$a75 tr. ;$c30 cm
=653  \\$aPLCS7-1200
=653  \\$aTốc độ băng tải
=653  \\$aTrạm phân loại
=690  \\$a7
=691  \\$a24
=700  1\$aNguyễn, Hải Bình$eNgười hướng dẫn
=942  \\$cKLDA
=952  \\$00$10$2ddc$40$6537_000000000000000_N4994T$70$9221$aLibL$bLibL$cL01$d2024-03-12$l0$o537 N4994T$p000020674$r2024-03-12 21:01:22$t1$w2024-03-12$yKLDA
=999  \\$c178$d178

