=LDR  00912nam a22002537a 4500
=001  11868
=005  20240327134722.0
=008  191126s2019\\\\\\\\\\\\\\\\\\\\\\\\vie\\
=040  \\$aLIB.UNETI$bvie$cLIB.UNETI$eAACR2
=041  0\$avie
=082  \\$a537$bD6496A
=100  1\$aĐỗ, Tuấn Anh
=245  10$aNghiên cứu cải tiến mô hình thực hành FMS cánh tay robot khí nén di chuyển vật sử dụng PLC S7-200 /$cĐỗ Tuấn Anh; Trần Ngọc Sơn
=260  \\$a[k.đ.] :$b[k.n.x.b.],$c2019
=300  \\$a73 tr. ;$c30 cm
=653  \\$aMô hình thực hành FMS
=653  \\$aNghiên cứu
=653  \\$aRobot
=690  \\$a7
=691  \\$a24
=700  1\$aTrần, Ngọc Sơn$eNgười hướng dẫn
=942  \\$cKLDA
=952  \\$00$10$2ddc$40$6537_000000000000000_D6496A$70$9222$aLibL$bLibL$cL01$d2024-03-12$l0$o537 D6496A$p000020675$r2024-03-12 21:01:23$t1$w2024-03-12$yKLDA
=999  \\$c179$d179

