=LDR  00921nam a22002537a 4500
=001  11869
=005  20240327134722.0
=008  191126s2019\\\\\\\\\\\\\\\\\\\\\\\\vie\\
=040  \\$aLIB.UNETI$bvie$cLIB.UNETI$eAACR2
=041  0\$avie
=082  \\$a537$bT685L
=100  1\$aTrần, Đức Long
=245  10$aNghiên cứu cải tiến mô hình thực hành FMS cánh tay robot khí nén di chuyển vật sử dụng PLC S7 - 200 /$cTrần Đức Long; Trần Ngọc Sơn
=260  \\$a[k.đ.] :$b[k.n.x.b.],$c2019
=300  \\$a82 tr. ;$c30 cm
=653  \\$aCánh tay robot khí nén
=653  \\$aMô hình FMS
=653  \\$aPLC S7 - 200
=690  \\$a7
=691  \\$a24
=700  1\$aTrần, Ngọc Sơn$eNgười hướng dẫn
=942  \\$cKLDA
=952  \\$00$10$2ddc$40$6537_000000000000000_T685L$70$9223$aLibL$bLibL$cL01$d2024-03-12$l0$o537 T685L$p000020676$r2024-03-12 21:01:23$t1$w2024-03-12$yKLDA
=999  \\$c180$d180

