=LDR  00918nam a22002657a 4500
=001  11871
=005  20240327134722.0
=008  191126s2019\\\\\\\\\\\\\\\\\\\\\\\\vie\\
=040  \\$aLIB.UNETI$bvie$cLIB.UNETI$eAACR2
=041  0\$avie
=082  \\$a537$bT733L
=100  1\$aTriệu, Thúy Liễu
=245  10$aThiết kế mô hình thực hành mạng truyền thông Profibus - DP cho xưởng PLC Nam Định /$cTriệu Thúy Liễu
=260  \\$a[k.đ.] :$b[k.n.x.b.],$c2019
=300  \\$a51 tr. ;$c30 cm
=653  \\$aĐiện, điện tử
=653  \\$aProfibus
=653  \\$aThiết kế
=653  \\$aXưởng PLC Nam Định
=690  \\$a7
=691  \\$a24
=700  1\$aNguyễn, Minh Đông$eNgười hướng dẫn
=942  \\$cKLDA
=952  \\$00$10$2ddc$40$6537_000000000000000_T733L$70$9224$aLibL$bLibL$cL01$d2024-03-12$l0$o537 T733L$p000020677$r2024-03-12 21:01:23$t1$w2024-03-12$yKLDA
=999  \\$c181$d181

