=LDR  00924nam a22002537a 4500
=001  11876
=005  20240327134722.0
=008  191126s2019\\\\\\\\\\\\\\\\\\\\\\\\vie\\
=040  \\$aLIB.UNETI$bvie$cLIB.UNETI$eAACR2
=041  0\$avie
=082  \\$a537$bP568T
=100  1\$aPhùng, Văn Tiến
=245  10$aThiết kế mô hình thực hành mạng truyền thông Profibus - DP cho xưởng thực hành PLC Nam Định /$cPhùng Văn Tiến; Nguyễn Minh Đồng
=260  \\$a[k.đ.] :$b[k.n.x.b.],$c2019
=300  \\$a52 tr. ;$c30 cm
=653  \\$aMạng Profibus - DP
=653  \\$aThiết kế
=653  \\$aXưởng PLC Nam Định
=690  \\$a7
=691  \\$a24
=700  1\$aNguyễn, Minh Đông$eNgười hướng dẫn
=942  \\$cKLDA
=952  \\$00$10$2ddc$40$6537_000000000000000_P568T$70$9226$aLibL$bLibL$cL01$d2024-03-12$l0$o537 P568T$p000020667$r2024-03-12 21:01:23$t1$w2024-03-12$yKLDA
=999  \\$c183$d183

