=LDR  00930nam a22002537a 4500
=001  11880
=005  20240327134722.0
=008  191126s2019\\\\\\\\\\\\\\\\\\\\\\\\vie\\
=040  \\$aLIB.UNETI$bvie$cLIB.UNETI$eAACR2
=041  0\$avie
=082  \\$a537$bN4994T
=100  1\$aNguyễn, Văn Thơm
=245  10$aNghiên cứu thiết kế hệ thống phân loại sản phẩm theo màu sắc sử dụng PLC S7-1200 /$cNguyễn Văn Thơm; Nguyễn Đức Dương
=260  \\$a[k.đ.] :$b[k.n.x.b.],$c2019
=300  \\$a57 tr. ;$c30 cm
=653  \\$aNghiên cứu thiết kế
=653  \\$aPLC S7-1200
=653  \\$aSản phẩm, màu sắc
=690  \\$a7
=691  \\$a24
=700  1\$aNguyễn, Đức Dương$eNgười hướng dẫn
=942  \\$cKLDA
=952  \\$00$10$2ddc$40$6537_000000000000000_N4994T$70$9228$aLibL$bLibL$cL01$d2024-03-12$l0$o537 N4994T$p000020669$r2024-03-12 21:01:23$t1$w2024-03-12$yKLDA
=999  \\$c185$d185

