=LDR  00969nam a22002537a 4500
=001  11882
=005  20240327134722.0
=008  191126s2019\\\\\\\\\\\\\\\\\\\\\\\\vie\\
=040  \\$aLIB.UNETI$bvie$cLIB.UNETI$eAACR2
=041  0\$avie
=082  \\$a537$bN4994L
=100  1\$aNguyễn, Mỹ Linh
=245  10$aNghiên cứu thiết kế mạng truyền thông PLC với biến tấu qua PROFIRIVE ứng dụng cho hệ truyền động trong phòng thí nghiệm PLC /$cNguyễn Mỹ Linh; Hà Huy Giáp
=260  \\$a[k.đ.] :$b[k.n.x.b.],$c2019
=300  \\$a64 tr. ;$c30 cm
=653  \\$aHệ truyền động
=653  \\$aNghiên cứu thiết kế
=653  \\$aPhòng thí nghiệm PLC
=690  \\$a7
=691  \\$a24
=700  1\$aHà, Huy Giáp$eNgười hướng dẫn
=942  \\$cKLDA
=952  \\$00$10$2ddc$40$6537_000000000000000_N4994L$70$9229$aLibL$bLibL$cL01$d2024-03-12$l0$o537 N4994L$p000020670$r2024-03-12 21:01:23$t1$w2024-03-12$yKLDA
=999  \\$c186$d186

