=LDR  01008nam a22002657a 4500
=001  11884
=005  20240327134722.0
=008  191126s2019\\\\\\\\\\\\\\\\\\\\\\\\vie\\
=040  \\$aLIB.UNETI$bvie$cLIB.UNETI$eAACR2
=041  0\$avie
=082  \\$a537$bD65T
=100  1\$aĐoàn, Mạnh Tiên
=245  10$aNghiên cứu thiết kế mạng truyền thông PLC với biến tần qua PROFIDRIVE ứng dụng cho hệ truyền động trong phòng thí nghiệm PLC /$cĐoàn Mạnh Tiên; Hà Huy Giáp
=260  \\$a[k.đ.] :$b[k.n.x.b.],$c2019
=300  \\$a78 tr. ;$c30 cm
=653  \\$aBiến tần PROFIDRIVE
=653  \\$aHệ truyền động
=653  \\$aNghiên cứu
=653  \\$aThiết kế mạng truyền thông PLC
=690  \\$a7
=691  \\$a24
=700  1\$aHà, Huy Giáp$eNgười hướng dẫn
=942  \\$cKLDA
=952  \\$00$10$2ddc$40$6537_000000000000000_D65T$70$9230$aLibL$bLibL$cL01$d2024-03-12$l0$o537 D65T$p000020671$r2024-03-12 21:01:23$t1$w2024-03-12$yKLDA
=999  \\$c187$d187

