=LDR  01068nam a22002657a 4500
=001  11885
=005  20240327134723.0
=008  191126s2019\\\\\\\\\\\\\\\\\\\\\\\\vie\\
=040  \\$aLIB.UNETI$bvie$cLIB.UNETI$eAACR2
=041  0\$avie
=082  \\$a537$bN4994M
=100  1\$aNguyễn, Công Hoàng Minh
=245  10$aNghiên cứu xây dựng mô hình mạng truyền thông profinet sử dụng PLC S7 -1500 và điều khiển giám sát động cơ băng tải ứng dụng trong phòng thí nghiệm PLC /$cNguyễn Công Hoàng Minh; Nguyễn Hải Bình
=260  \\$a[k.đ.] :$b[k.n.x.b.],$c2019
=300  \\$a78 tr. ;$c30 cm
=653  \\$aĐộng cơ băng tải
=653  \\$aNghiên cứu
=653  \\$aPLC S7 -1500
=653  \\$aXây dựng mô hình mạng
=690  \\$a7
=691  \\$a24
=700  1\$aNguyễn, Hải Bình$eNgười hướng dẫn
=942  \\$cKLDA
=952  \\$00$10$2ddc$40$6537_000000000000000_N4994M$70$9231$aLibL$bLibL$cL01$d2024-03-12$l1$o537 N4994M$p000020672$r2024-03-12 21:01:23$s2022-10-17$t1$w2024-03-12$yKLDA
=999  \\$c188$d188

