=LDR  00927nam a22002537a 4500
=001  11946
=005  20240327134723.0
=008  191127s2019\\\\\\\\\\\\\\\\\\\\\\\\vie\\
=040  \\$aLIB.UNETI$bvie$cLIB.UNETI$eAACR2
=041  0\$avie
=082  \\$a004$bH6508Th
=100  1\$aHoàng, Quang Thịnh
=245  10$aĐánh giá chất lượng trải nghiệm người dùng trên truyền tải đa luồng /$cHoàng Quang Thịnh; Cao Diệp Thắng
=260  \\$a[k.đ.] :$b[k.n.x.b.],$c2019
=300  \\$a57 tr. ;$c30 cm
=653  \\$aCông nghệ thông tin
=653  \\$aĐáng giá chất lượng
=653  \\$aTruyền tải đa luồng
=690  \\$a10
=691  \\$a29
=700  1\$aCao, Diệp Thắng$eNgười hướng dẫn
=942  \\$cKLDA
=952  \\$00$10$2ddc$40$6004_000000000000000_H6508TH$70$9232$aLibL$bLibL$cL01$d2024-03-12$l0$o004 H6508Th$p000020614$r2024-03-12 21:01:23$t1$w2024-03-12$yKLDA
=999  \\$c189$d189

