=LDR  00905nam a22002537a 4500
=001  11948
=005  20240327134723.0
=008  191127s2019\\\\\\\\\\\\\\\\\\\\\\\\vie\\
=040  \\$aLIB.UNETI$bvie$cLIB.UNETI$eAACR2
=041  0\$avie
=082  \\$a004$bN4994G
=100  1\$aNguyễn, Thị Quỳnh Giang
=245  10$aXây dựng hệ thống thông tin quản lý cửa hàng tạp hóa /$cNguyễn Thị Quỳnh Giang; Phạm Thị Thùy
=260  \\$a[k.đ.] :$b[k.n.x.b.],$c2019
=300  \\$a62 tr. ;$c30 cm
=653  \\$aCông nghệ thông tin
=653  \\$aHàng tạp hóa
=653  \\$aXây dựng hệ thống
=690  \\$a10
=691  \\$a29
=700  1\$aPhạm, Thị Thùy$eNgười hướng dẫn
=942  \\$cKLDA
=952  \\$00$10$2ddc$40$6004_000000000000000_N4994G$70$9233$aLibL$bLibL$cL01$d2024-03-12$l0$o004 N4994G$p000020615$r2024-03-12 21:01:23$t1$w2024-03-12$yKLDA
=999  \\$c190$d190

