=LDR  00915nam a22002417a 4500
=001  11950
=005  20240327134723.0
=008  191127s2019\\\\\\\\\\\\\\\\\\\\\\\\vie\\
=040  \\$aLIB.UNETI$bvie$cLIB.UNETI$eAACR2
=041  0\$avie
=082  \\$a537$bP491H
=100  1\$aPhạm, Ngọc Hải
=245  10$aNghiên cứu mô hình điều khiển vị trí động cơ bước ứng dụng trong máy CNC MINI /$cPhạm Ngọc Hải; Nguyễn Đức Dương
=260  \\$a[k.đ.] :$b[k.n.x.b.],$c2019
=300  \\$a55 tr. ;$c30 cm
=653  \\$aĐiều khiển vị trí động cơ
=653  \\$aỨng dụng trong máy CNC MINI
=690  \\$a7
=691  \\$a24
=700  1\$aNguyễn, Đức Dương$eNgười hướng dẫn
=942  \\$cKLDA
=952  \\$00$10$2ddc$40$6537_000000000000000_P491H$70$9234$aLibL$bLibL$cL01$d2024-03-12$l0$o537 P491H$p000020652$r2024-03-12 21:01:23$t1$w2024-03-12$yKLDA
=999  \\$c191$d191

