=LDR  00896nam a22002537a 4500
=001  11952
=005  20240327134723.0
=008  191127s2019\\\\\\\\\\\\\\\\\\\\\\\\vie\\
=040  \\$aLIB.UNETI$bvie$cLIB.UNETI$eAACR2
=041  0\$avie
=082  \\$a004$bD924Th
=100  1\$aDương, Bích Thủy
=245  10$aNghiên cứu xây dựng ứng dụng tóm tắt văn bản tiềng Việt /$cDương Bích Thủy; Trần Hồng Việt
=260  \\$a[k.đ.] :$b[k.n.x.b.],$c2019
=300  \\$a51 tr. ;$c30 cm
=653  \\$aCông nghệ thông tin
=653  \\$aỨng dụng
=653  \\$aVăn bản tiếng việt
=690  \\$a10
=691  \\$a29
=700  1\$aTrần, Hồng Việt$eNgười hướng dẫn
=942  \\$cKLDA
=952  \\$00$10$2ddc$40$6004_000000000000000_D924TH$70$9235$aLibL$bLibL$cL01$d2024-03-12$l0$o004 D924Th$p000020616$r2024-03-12 21:01:23$t1$w2024-03-12$yKLDA
=999  \\$c192$d192

