=LDR  00891nam a22002537a 4500
=001  11953
=005  20240327134723.0
=008  191127s2019\\\\\\\\\\\\\\\\\\\\\\\\vie\\
=040  \\$aLIB.UNETI$bvie$cLIB.UNETI$eAACR2
=041  0\$avie
=082  \\$a004$bN4994T
=100  1\$aNguyễn, Văn Toàn
=245  10$aPhát triển Game Side - Scrolling Damsan trên Unity 3D /$cNguyễn Văn Toàn; Đỗ Tuấn Hạnh
=260  \\$a[k.đ.] :$b[k.n.x.b.],$c2019
=300  \\$a49 tr. ;$c30 cm
=653  \\$aCông nghệ thông tin
=653  \\$aPhát triển Game Side
=653  \\$aScrolling Damsan trên Unity 3D
=690  \\$a10
=691  \\$a29
=700  1\$aĐỗ, Tuấn Hạnh$eNgười hướng dẫn
=942  \\$cKLDA
=952  \\$00$10$2ddc$40$6004_000000000000000_N4994T$70$9236$aLibL$bLibL$cL01$d2024-03-12$l0$o004 N4994T$p000020593$r2024-03-12 21:01:23$t1$w2024-03-12$yKLDA
=999  \\$c193$d193

