=LDR  01226nam a22003137a 4500
=001  11955
=005  20240327134723.0
=008  191127s2019\\\\\\\\\\\\\\\\\\\\\\\\vie\\
=040  \\$aLIB.UNETI$bvie$cLIB.UNETI$eAACR2
=041  0\$avie
=082  \\$a621.8$bT494T
=245  00$aTính toán thiết kế hệ thống tự đồ (BEN) của ô tô tải có tải trọng 5 tấn /$cPhạm Văn Bằng, ... [và những người khác]; Người hướng dẫn: Hồ Hữu Hùng, Chu Việt Cường
=260  \\$a[k.đ.] :$b[k.n.x.b.],$c2019
=300  \\$a62 tr. ;$c30 cm
=653  \\$aHệ thống tự đổ (BEN )
=653  \\$aTính toán
=653  \\$aTrọng tải 5 tấn
=690  \\$a6
=691  \\$a22
=700  1\$aHồ, Hữu Hùng$eNgười hướng dẫn
=700  1\$aChu, Việt Cường$eNgười hướng dẫn
=700  1\$aPhạm, Văn Bằng$ech.b.
=700  1\$aHoàng, Đạt Nam$ech.b.
=700  1\$aHồ, Sỹ Hưng$ech.b.
=700  1\$aNguyễn, Đình Ba$ech.b.
=700  1\$aTrịnh, Minh Sơn$ech.b.
=942  \\$cKLDA
=952  \\$00$10$2ddc$40$6621_800000000000000_T494T$70$9237$aLibL$bLibL$cL01$d2024-03-12$l0$o621.8 T494T$p000020733$r2024-03-12 21:01:23$t1$w2024-03-12$yKLDA
=999  \\$c194$d194

