=LDR  01211nam a22003017a 4500
=001  11957
=005  20240327134723.0
=008  191127s2019\\\\\\\\\\\\\\\\\\\\\\\\vie\\
=040  \\$aLIB.UNETI$bvie$cLIB.UNETI$eAACR2
=041  0\$avie
=082  \\$a621.8$bN4993C
=245  00$aNghiên cứu, thiết kế và chế tạo mô hình phân loại sản phẩm theo chiều cao /$cĐỗ Mạnh Thắng ... [và những người khác]; Người hướng dẫn: Hoàng Anh Tuấn, Nguyễn Tuấn Hưng
=260  \\$a[k.đ.] :$b[k.n.x.b.],$c2019
=300  \\$a51 tr. ;$c30 cm
=653  \\$aChế tạo mô hình
=653  \\$aCông nghệ kỹ thuật cơ khí
=653  \\$aPhân loại sản phẩm
=690  \\$a6
=691  \\$a22
=700  1\$aVũ, Tiến Dương
=700  1\$aHoàng, Anh Tuấn$eNgười hướng dẫn
=700  1\$aĐỗ, Mạnh Thắng
=700  1\$aBùi, Đức Hải Triều
=700  1\$aNguyễn, Tuấn Hưng$eNgười hướng dẫn
=700  1\$aTrương, Tất Khuyến
=942  \\$cKLDA
=952  \\$00$10$2ddc$40$6621_800000000000000_N4993C$70$9238$aLibL$bLibL$cL01$d2024-03-12$l1$o621.8 N4993C$p000020734$r2024-03-12 21:01:23$s2021-04-16$t1$w2024-03-12$yKLDA
=999  \\$c195$d195

