=LDR  01073nam a22002897a 4500
=001  11959
=005  20240327134723.0
=008  191127s2019\\\\\\\\\\\\\\\\\\\\\\\\vie\\
=040  \\$aLIB.UNETI$bvie$cLIB.UNETI$eAACR2
=041  0\$avie
=082  \\$a621.8$bN4994S
=100  1\$aNguyễn, Nam Sơn
=245  10$aNghiên cứu, thiết kế, chế tạo máy cưa gỗ /$cNguyễn Nam Sơn, Đinh Thế Nam, Nguyễn Tiến Việt; Người hướng dẫn: Trần Vũ Lâm, Trần Văn Mạnh
=260  \\$a[k.đ.] :$b[k.n.x.b.],$c2019
=300  \\$a62 tr. ;$c30 cm
=653  \\$aCông nghệ kỹ thuật cơ khí
=653  \\$aMáy cưa gỗ
=653  \\$aNghiên cứu, thiết kế
=690  \\$a6
=691  \\$a22
=700  1\$aTrần, Vũ Lâm
=700  1\$aTrần, Văn Mạnh$eNgười hướng dẫn
=700  1\$aĐinh, Thế Nam
=700  1\$aNguyễn, Tiến Việt
=942  \\$cKLDA
=952  \\$00$10$2ddc$40$6621_800000000000000_N4994S$70$9239$aLibL$bLibL$cL01$d2024-03-12$l0$o621.8 N4994S$p000020735$r2024-03-12 21:01:23$t1$w2024-03-12$yKLDA
=999  \\$c196$d196

