=LDR  01056nam a22002897a 4500
=001  11961
=005  20240327134723.0
=008  191127s2019\\\\\\\\\\\\\\\\\\\\\\\\vie\\
=040  \\$aLIB.UNETI$bvie$cLIB.UNETI$eAACR2
=041  0\$avie
=082  \\$a621.8$bV97C
=100  1\$aVũ, Đình Chung
=245  10$aNghiên cứu thiết kế và chế tạo máy ấp trứng gia cầm tự động /$cVũ Đình Chung, Bùi Anh Tuấn, Nguyễn Văn Hà
=260  \\$a[k.đ.] :$b[k.n.x.b.],$c2019
=300  \\$a78 tr. ;$c30 cm
=653  \\$aChế tạo máy ấp trứng
=653  \\$aCông nghê kỹ thuật cơ khí
=653  \\$aNghiên cứu, thiết kế
=690  \\$a6
=691  \\$a22
=700  1\$aVũ, Đức Quang$eNgười hướng dẫn
=700  1\$aVũ, Hoài Anh$eNgười hướng dẫn
=700  1\$aBùi, Anh Tuấn
=700  1\$aNguyễn, Văn Hà
=942  \\$cKLDA
=952  \\$00$10$2ddc$40$6621_800000000000000_V97C$70$9240$aLibL$bLibL$cL01$d2024-03-12$l0$o621.8 V97C$p000020736$r2024-03-12 21:01:23$t1$w2024-03-12$yKLDA
=999  \\$c197$d197

