=LDR  01207nam a22003017a 4500
=001  11965
=005  20240327134723.0
=008  191127s2019\\\\\\\\\\\\\\\\\\\\\\\\vie\\
=040  \\$aLIB.UNETI$bvie$cLIB.UNETI$eAACR2
=041  0\$avie
=082  \\$a621.8$bN4993C
=245  00$aNghiên cứu thiết kế chế tạo máy hàn TIG bán tự động HTR ứng dụng hàn chi tiết dạng tròn tại Công ty cổ phần Kỷ Thuật Công Nghiệp Đại Dương /$cHoàng Đăng Quý ... [và những người khác]
=260  \\$a[k.đ.] :$b[k.n.x.b.],$c2019
=300  \\$a54 tr. ;$c30 cm
=653  \\$aChế tạo máy hàn
=653  \\$aCông nghệ kỹ thuật cơ khí
=653  \\$aỨng dụng hàn chi tiết
=690  \\$a6
=691  \\$a22
=700  1\$aHoàng, Thị Thúy Anh
=700  1\$aTrịnh, Kiều Tuấn$eNgười hướng dẫn
=700  1\$aĐinh, Công Triển
=700  1\$aHoàng, Đăng Quý
=700  1\$aLưu, Thu Huyền
=700  1\$aNguyễn, Trường Tuấn
=942  \\$cKLDA
=952  \\$00$10$2ddc$40$6621_800000000000000_N4993C$70$9241$aLibL$bLibL$cL01$d2024-03-12$l1$o621.8 N4993C$p000020737$r2024-03-12 21:01:23$s2023-02-15$t1$w2024-03-12$yKLDA
=999  \\$c198$d198

