=LDR  01218nam a22002897a 4500
=001  11973
=005  20240327134723.0
=008  191127s2019\\\\\\\\\\\\\\\\\\\\\\\\vie\\
=040  \\$aLIB.UNETI$bvie$cLIB.UNETI$eAACR2
=041  0\$avie
=082  \\$a621.8$bX19D
=245  00$aXây dựng thông số công nghệ cắt trên máy tiện và phay CNC cho một số vật liệu phổ biến nhằm đạt độ nhẵn bóng bề mặt đạt ra từ 0.4 đến 1.6 và năng suất cao /$cNguyễn Trọng Chung, ... [và những người khác]; Người hướng dẫn: Nguyễn Hữu Quang
=260  \\$a[k.đ.] :$b[k.n.x.b.],$c2019
=300  \\$a94 tr. ;$c30 cm
=653  \\$aMáy tiện và phay NCN
=653  \\$aVật liệu phổ biến
=653  \\$aXây dựng thông số
=690  \\$a6
=691  \\$a22
=700  1\$aNguyễn, Hữu Quang$eNgười hướng dẫn
=700  1\$aĐặng, Tuấn Tài
=700  1\$aMai, Anh Chính
=700  1\$aNguyễn, Trọng Chung
=700  1\$aPhạm, Văn Nhung
=942  \\$cKLDA
=952  \\$00$10$2ddc$40$6621_800000000000000_X19D$70$9242$aLibL$bLibL$cL01$d2024-03-12$l1$o621.8 X19D$p000020738$r2024-03-12 21:01:23$s2023-03-13$t1$w2024-03-12$yKLDA
=999  \\$c199$d199

