=LDR  01159nam a22002777a 4500
=001  11974
=005  20240327134723.0
=008  191127s2019\\\\\\\\\\\\\\\\\\\\\\\\vie\\
=040  \\$aLIB.UNETI$bvie$cLIB.UNETI$eAACR2
=041  0\$avie
=082  \\$a621.8$bN4994T
=100  1\$aNguyễn, Hữu Trường
=245  10$aTính toán thiết kế chế tạo mô hình máy khắc Laser 4 trục ứng dụng điều khiển bằng mạch MACH 3 /$cNguyễn Hữu Trường, Hoàng Văn Phương, Trần Ngọc Bình; Người hướng dẫn: Nguyễn Văn Mùi
=260  \\$a[k.đ.] :$b[k.n.x.b.],$c2019
=300  \\$a94 tr. ;$c30 cm
=653  \\$aChế tạo mô hình máy khắc laser 4 trục
=653  \\$aTính toán thiết kế
=653  \\$aỨng dụng điều khiển bằng mạch - Mạch 3
=690  \\$a6
=691  \\$a22
=700  1\$aHoàng, Văn Phương
=700  1\$aTrần, Ngọc Bình
=700  1\$aNguyễn, Văn Mùi$eNgười hướng dẫn
=942  \\$cKLDA
=952  \\$00$10$2ddc$40$6621_800000000000000_N4994T$70$9243$aLibL$bLibL$cL01$d2024-03-12$l0$o621.8 N4994T$p000020732$r2024-03-12 21:01:24$t1$w2024-03-12$yKLDA
=999  \\$c200$d200

