=LDR  01249nam a22003137a 4500
=001  11977
=005  20240327134723.0
=008  191127s2019\\\\\\\\\\\\\\\\\\\\\\\\vie\\
=040  \\$aLIB.UNETI$bvie$cLIB.UNETI$eAACR2
=041  0\$avie
=082  \\$a621.8$bT494T
=245  00$aTính toán thiết kế máy phay CNC ba trục ứng dụng trong giảng dạy tại phòng thực hành CAD/CAM /$cVũ Văn Thi, ... [và những người khác]; Người hướng dẫn: Nguyễn Anh Tuấn, Trương Minh Đức
=260  \\$a[k.đ.] :$b[k.n.x.b.],$c2019
=300  \\$a134 tr. ;$c30 cm
=653  \\$aPhòng thực hành CAD/CAM
=653  \\$aTính toán thiết kế máy phay CNC ba trục
=653  \\$aỨng dụng trong giảng dạy
=690  \\$a6
=691  \\$a22
=700  1\$aVũ, Văn Thi
=700  1\$aTrương, Minh Đức$eNgười hướng dẫn
=700  1\$aNguyễn, Mạnh
=700  1\$aNguyễn, Văn Quý
=700  1\$aPhan, Thanh Bình
=700  1\$aTrần, Văn Diệu
=700  1\$aNguyễn, Anh Tuấn$eNgười hướng dẫn
=942  \\$cKLDA
=952  \\$00$10$2ddc$40$6621_800000000000000_T494T$70$9244$aLibL$bLibL$cL01$d2024-03-12$l0$o621.8 T494T$p000020744$r2024-03-12 21:01:24$t1$w2024-03-12$yKLDA
=999  \\$c201$d201

