=LDR  01179nam a22003137a 4500
=001  11978
=005  20240327134723.0
=008  191127s2019\\\\\\\\\\\\\\\\\\\\\\\\vie\\
=040  \\$aLIB.UNETI$bvie$cLIB.UNETI$eAACR2
=041  0\$avie
=082  \\$a621.8$bN4993C
=245  00$aNghiên cứu tính toán thiết kế và chế tạo hệ thống cấp dụng cụ tự động /$cVũ Thành Công ... [và những người khác]
=260  \\$a[k.đ.] :$b[k.n.x.b.],$c2019
=300  \\$a75 tr. ;$c30 cm
=653  \\$aChế tạo hệ thống
=653  \\$aDụng cụ tự động
=653  \\$aNghiên cứu thiết kế
=690  \\$a6
=691  \\$a22
=700  1\$aĐoàn, Khắc Bùi
=700  1\$aNguyễn, Văn Trúc$eNgười hướng dẫn
=700  1\$aNguyễn, Thành Huân$eNgười hướng dẫn
=700  1\$aNguyễn, Tiến Dũng$eNgười hướng dẫn
=700  1\$aNguyễn, Hữu Quang
=700  1\$aVũ, Thành Công
=700  1\$aPhùng, Đức Thắng
=942  \\$cKLDA
=952  \\$00$10$2ddc$40$6621_800000000000000_N4993C$70$9245$aLibL$bLibL$cL01$d2024-03-12$l0$o621.8 N4993C$p000020745$r2024-03-12 21:01:24$t1$w2024-03-12$yKLDA
=999  \\$c202$d202

