=LDR  01068nam a22002897a 4500
=001  11979
=005  20240327134723.0
=008  191127s2019\\\\\\\\\\\\\\\\\\\\\\\\vie\\
=040  \\$aLIB.UNETI$bvie$cLIB.UNETI$eAACR2
=041  0\$avie
=082  \\$a658$bN4993C
=245  00$aNghiên cứu thiết kế và chế tạo máy mài NCN mô hình sữ dụng trong dạy học tại Trường ĐHKTKTCN /$cLê Tiến Phúc ... [và những người khác]
=260  \\$a[k.đ.] :$b[k.n.x.b.],$c2019
=300  \\$a72 tr. ;$c30 cm
=653  \\$aCông nghệ kỹ thuật cơ khí
=653  \\$aMáy mà CNC
=653  \\$aNghiên cứu thiết kế
=690  \\$a6
=691  \\$a22
=700  1\$aLê, Tiến Phúc
=700  1\$aNguyễn, Hữu Việt
=700  1\$aHoàng, Văn Thuận
=700  1\$aNguyễn, Văn Đại
=700  1\$aDương, Hải Nam$eNgười hướng dẫn
=942  \\$cKLDA
=952  \\$00$10$2ddc$40$6658_000000000000000_N4993C$70$9246$aLibL$bLibL$cL01$d2024-03-12$l0$o658 N4993C$p000020746$r2024-03-12 21:01:24$t1$w2024-03-12$yKLDA
=999  \\$c203$d203

