=LDR  01171nam a22002897a 4500
=001  11981
=005  20240327134723.0
=008  191127s2019\\\\\\\\\\\\\\\\\\\\\\\\vie\\
=040  \\$aLIB.UNETI$bvie$cLIB.UNETI$eAACR2
=041  0\$avie
=082  \\$a621.8$bN4994S
=100  1\$aNguyễn, Ngọc Sơn
=245  10$aNghiên cứu thiết kế chế tạo cụm đá mài cho đầu đá số 6 khi mài bánh răng côn răng cong hệ gleason lắp đặt trên máy ZKTFFR và máy ZKTKK 250x5. /$cNguyễn Ngọc Sơn, Phạm Bá Nam, Hồ Sỹ Tuấn
=260  \\$a[k.đ.] :$b[k.n.x.b.],$c2019
=300  \\$a88 tr. ;$c30 cm
=653  \\$aChế tạo cụm đá mài cho đầu dá số 6
=653  \\$aKhi mài bánh răng côn
=653  \\$aMáy ZKTFFR và máy ZKTKK 250x5.
=653  \\$aNghiên cứu thiết kế
=690  \\$a6
=691  \\$a22
=700  1\$aPhạm, Bá Nam
=700  1\$aNguyễn, Thọ Sơn$eNgười hướng dẫn
=700  1\$aHồ, Sỹ Tuấn
=942  \\$cKLDA
=952  \\$00$10$2ddc$40$6621_800000000000000_N4994S$70$9247$aLibL$bLibL$cL01$d2024-03-12$l0$o621.8 N4994S$p000020743$r2024-03-12 21:01:24$t1$w2024-03-12$yKLDA
=999  \\$c204$d204

