=LDR  01086nam a22002777a 4500
=001  11982
=005  20240327134723.0
=008  191127s2019\\\\\\\\\\\\\\\\\\\\\\\\vie\\
=040  \\$aLIB.UNETI$bvie$cLIB.UNETI$eAACR2
=041  0\$avie
=082  \\$a621.8$bL46T
=100  1\$aLê, Văn Tỉnh
=245  10$aThiết kế và chế tạo bộ phận thân dao tiện ngoài ghép thanh thép gió và đồ gá dùng gá thân dao tiện khi tiện lỗ trên máy tiện T18A và BASIC 180 SUPER /$cLê Văn Tỉnh, Lưu Quang Bảo
=260  \\$a[k.đ.] :$b[k.n.x.b.],$c2019
=300  \\$a57 tr. ;$c30 cm
=653  \\$aBộ Thân dao
=653  \\$aĐồ gá dùng gá thân giao
=653  \\$aMáy tiện T18A và BASIC 180 SUPER
=653  \\$aThiết kế và chế tạo
=690  \\$a6
=691  \\$a22
=700  1\$aLưu, Quang Bảo
=700  1\$aĐỗ, Anh Tuấn$eNgười hướng dẫn
=942  \\$cKLDA
=952  \\$00$10$2ddc$40$6621_800000000000000_L46T$70$9248$aLibL$bLibL$cL01$d2024-03-12$l0$o621.8 L46T$p000020742$r2024-03-12 21:01:24$t1$w2024-03-12$yKLDA
=999  \\$c205$d205

