=LDR  00885nam a22002417a 4500
=001  12008
=005  20240327134723.0
=008  191202s2019\\\\\\\\\\\\\\\\\\\\\\\\vie\\
=040  \\$aLIB.UNETI$bvie$cLIB.UNETI$eAACR2
=041  0\$avie
=082  \\$a621.38$bN4994A
=100  1\$aNguyễn, Thị Tú Anh
=245  10$aThiết kế hệ thống đo giám sát nhiệt độ ,độ ẩm trong nhà kính /$cNguyễn Thị Tú Anh; Đào Hưng
=260  \\$a[k.đ.] :$b[k.n.x.b.],$c2019
=300  \\$a56 tr. ;$c30 cm
=653  \\$aĐộ ẩm trong nhà kính
=653  \\$aThiết kế hệ thồng đo giám sát
=690  \\$a8
=691  \\$a23
=700  1\$aĐào, Hưng$eNgười hướng dẫn
=942  \\$cKLDA
=952  \\$00$10$2ddc$40$6621_380000000000000_N4994A$70$9249$aLibL$bLibL$cL01$d2024-03-12$l0$o621.38 N4994A$p000020707$r2024-03-12 21:01:24$t1$w2024-03-12$yKLDA
=999  \\$c206$d206

