=LDR  00916nam a22002537a 4500
=001  12009
=005  20240327134723.0
=008  191202s2019\\\\\\\\\\\\\\\\\\\\\\\\vie\\
=040  \\$aLIB.UNETI$bvie$cLIB.UNETI$eAACR2
=041  0\$avie
=082  \\$a621.38$bD6496Q
=100  1\$aĐỗ, Như Quỳnh
=245  10$aGiám sát điều khiển thiết bị cho nhà thông minh qua wifi và Internet /$cĐỗ Như Quỳnh; Đặng Khánh Toàn
=260  \\$a[k.đ.] :$b[k.n.x.b.],$c2019
=300  \\$a71 tr. ;$c30 cm
=653  \\$aGiám sát điều khiển thiết bị
=653  \\$aNhà thông minh
=653  \\$aWifi và internet
=690  \\$a8
=691  \\$a23
=700  1\$aĐặng, Khánh Toàn$eNgười hướng dẫn
=942  \\$cKLDA
=952  \\$00$10$2ddc$40$6621_380000000000000_D6496Q$70$9250$aLibL$bLibL$cL01$d2024-03-12$l0$o621.38 D6496Q$p000020708$r2024-03-12 21:01:24$t1$w2024-03-12$yKLDA
=999  \\$c207$d207

