=LDR  00948nam a22002537a 4500
=001  12011
=005  20240327134723.0
=008  191202s2019\\\\\\\\\\\\\\\\\\\\\\\\vie\\
=040  \\$aLIB.UNETI$bvie$cLIB.UNETI$eAACR2
=041  0\$avie
=082  \\$a621.38$bD6496L
=100  1\$aĐỗ, Thị Lan
=245  10$aNghiên cứu giao thức định tuyến ARPEES trong mạng cảm biến không dây /$cĐỗ Thị Lan; Phạm Thị Thu Hà
=260  \\$a[k.đ.] :$b[k.n.x.b.],$c2019
=300  \\$a60 tr. ;$c30 cm
=653  \\$aGiao thức định tuyến ARPEES
=653  \\$aMạng cảm biến không dây
=653  \\$aNghiên cứu giao thức định tuyến
=690  \\$a8
=691  \\$a23
=700  1\$aPhạm, Thị Thu Hà$eNgười hướng dẫn
=942  \\$cKLDA
=952  \\$00$10$2ddc$40$6621_380000000000000_D6496L$70$9251$aLibL$bLibL$cL01$d2024-03-12$l0$o621.38 D6496L$p000020710$r2024-03-12 21:01:24$t1$w2024-03-12$yKLDA
=999  \\$c208$d208

