=LDR  00976nam a22002537a 4500
=001  12012
=005  20240327134723.0
=008  191202s2019\\\\\\\\\\\\\\\\\\\\\\\\vie\\
=040  \\$aLIB.UNETI$bvie$cLIB.UNETI$eAACR2
=041  0\$avie
=082  \\$a621.38$bN4994D
=100  1\$aNguyễn, Thị Dịu
=245  10$aNghiên cứu hệ thống giám sát và điều khiển thiệt bị cho nhà thông minh qua TNTERNET với GOOGLE FIREBASE /$cNguyễn Thị Dịu; Vũ Anh Nam
=260  \\$a[k.đ.] :$b[k.n.x.b.],$c2019
=300  \\$a63 tr. ;$c30 cm
=653  \\$aNghiên cứu hệ thống giám sát
=653  \\$aThiết bị cho nhà thông minh
=653  \\$aTNTERNET với GOOGLE FIREBASE
=690  \\$a8
=691  \\$a23
=700  1\$aVũ, Hoài Nam$eNgười hướng dẫn
=942  \\$cKLDA
=952  \\$00$10$2ddc$40$6621_380000000000000_N4994D$70$9252$aLibL$bLibL$cL01$d2024-03-12$l0$o621.38 N4994D$p000020711$r2024-03-12 21:01:24$t1$w2024-03-12$yKLDA
=999  \\$c209$d209